3028 4852
168 249 208 312 24
525 253 799 302 Pnonnuonssens.
845 251 921 300 OAP.
945 252 984 300 11.

168 426 261 478 actum
282 432 360 474 esse.
403 411 538 496 Denique
561 412 652 488 longe
674 412 788 472 maximi
808 413 945 472 momenti
968 418 1050 472 erant
1069 409 1168 470 Sullae
1193 426 1340 469 commen·

169 527 233 588 tarii
256 525 293 586 de
316 524 373 584 vita
395 522 543 601 rebusque
563 523 639 599 suis,
662 539 720 582 non
737 540 864 599 graece,
888 541 964 602 quae
986 520 1139 582 multorum
1163 523 1263 602 opinio
1282 529 1341 597 est,

170 637 222 698 sed
244 636 332 695 latine
357 632 469 695 dnobus
492 642 520 692 et
542 631 642 710 viginti
666 631 750 692 libris
772 633 925 711 compositi
945 631 1038 712 (Gell.
1061 634 1090 712 l,
1112 632 1168 709 12,
1194 634 1243 694 15.
1272 631 1341 709 XX,

169 750 205 825 6,
230 745 296 824 3.),
323 754 352 806 et
374 742 463 804 rebus
490 743 621 804 ablario
652 751 681 802 et
708 742 788 802 Sulla
817 743 910 820 gestis
938 744 1154 822 cognoscendis
1183 743 1341 812 utilissimi;

169 875 340 937 quamquam
369 873 427 915 non
450 852 629 914 diffitendum
659 862 703 912 est
732 853 866 913 cautione
900 853 996 933 aliqua
1024 865 1054 916 et
1083 859 1143 916 acri
1172 856 1279 918 iudicio
1311 857 1343 916 in

170 982 270 1030 eorum
291 987 344 1028 usn
367 983 442 1045 opus
464 964 573 1040 luisse,
604 981 690 1040 quum
713 963 822 1024 Sullam
845 966 883 1024 ita
906 964 1049 1026 derebus
1071 969 1131 1027 suis
1153 969 1252 1046 egisse
1273 985 1342 1046 pro·

169 1077 265 1139 babile
289 1080 340 1156 sit,
360 1084 390 1136 nt
415 1085 443 1136 et
466 1073 600 1136 simultati
621 1091 692 1134 suae
716 1091 779 1134 cnm
800 1072 894 1134 biario
916 1076 1097 1156 indulgeret,
1122 1088 1151 1139 et
1172 1078 1342 1139 felicitatem

171 1207 267 1266 snam,
296 1205 353 1266 qna
375 1186 499 1246 maxime
519 1182 715 1262 gloriabatur,
744 1184 877 1245 omnibus
903 1187 1053 1267 probaret.
1096 1190 1178 1251 Haec
1208 1190 1302 1250 omnia
1326 1208 1343 1249 a

170 1277 309 1364 Sallustio
329 1296 456 1357 adbibita
480 1312 563 1370 esse,
587 1313 641 1374 pro
661 1296 724 1354 eius
746 1313 856 1356 summa
873 1299 901 1358 in
921 1298 1010 1358 rebus
1029 1301 1177 1361 tradendis
1196 1301 1342 1377 religione

170 1409 294 1471 dubitari
316 1407 424 1486 nequit.
469 1405 622 1466 Annalium
646 1421 764 1484 quoque
788 1408 967 1488 scriptores,
995 1411 1075 1472 velut
1097 1411 1198 1472 Claud.
1221 1409 1344 1487 Quadri·

170 1521 301 1598 garium,
331 1516 479 1577 Valerium
508 1515 669 1592 Antiatem,
699 1514 788 1576 Licin.
818 1518 962 1598 illacrnm,
993 1521 1084 1600 alios,
1118 1525 1166 1602 qui
1194 1523 1344 1583 historiam

170 1631 241 1692 belli
264 1646 328 1690 cum
350 1625 487 1704 iugurtha
511 1628 588 1704 gesti
609 1624 771 1704 habebant,
803 1627 967 1707 inspexisse
990 1633 1132 1710 putandus
1154 1642 1214 1711 est,
1246 1649 1344 1712 qnam·

172 1761 257 1822 qoam
278 1741 379 1800 horum
399 1737 557 1799 auctoritas
580 1737 687 1814 exigua
711 1735 763 1796 luit
786 1755 858 1816 prae
880 1739 1012 1819 illorum,
1042 1744 1091 1821 qui
1114 1745 1169 1823 ipsi
1191 1742 1280 1804 rebus
1302 1745 1344 1802 in·

170 1852 349 1930 terluissent.¹
387 1835 469 1925 Quae
489 1867 562 1909 vero
585 1847 620 1907 de
640 1846 760 1907 Africae
780 1855 881 1909 natura
903 1859 990 1928 atque
1012 1853 1133 1931 incolis,
1153 1854 1189 1913 de
1211 1854 1345 1914 locorum

172 1965 242 2040 situ,
277 1962 312 2022 de
337 1959 540 2021 nonnullorum
566 1958 710 2018 bominum
731 1956 870 2019 Afrorum
898 1961 1017 2038 ingenio
1044 1964 1142 2041 tradit,
1175 1982 1211 2023 ea
1237 1967 1344 2044 ipsum,

172 2092 258 2153 quum
280 2075 309 2133 in
326 2069 461 2132 Numidia
482 2077 578 2146 esset,
603 2066 804 2147 percontando
829 2070 990 2149 collegisse
1014 2072 1041 2132 in
1065 2084 1202 2154 promptu
1224 2083 1278 2134 est.

257 2182 404 2244 Absmto
425 2177 563 2256 Iugurtha
587 2178 741 2239 Sallustius
760 2178 964 2258 Historias,
990 2183 1089 2245 iniuria
1112 2196 1274 2265 temporum
1295 2185 1344 2246 de-

173 2292 318 2374 perditas,
351 2288 483 2350 scribere
513 2307 674 2366 aggressus
704 2298 764 2366 est,
796 2290 887 2351 maius
912 2311 987 2371 opus
1016 2303 1044 2354 et
1065 2294 1178 2356 duobus
1199 2297 1346 2375 prioribus

175 2402 367 2477 celebratius,
396 2417 493 2477 neque
520 2408 586 2459 ante
609 2418 711 2459 annum
730 2402 771 2462 40
799 2399 848 2459 vel
870 2403 910 2463 39
937 2421 962 2462 a.
987 2403 1054 2463 Chr.
1077 2425 1104 2466 n.
1127 2409 1287 2486 inceptum,
1317 2417 1348 2468 ut

174 2531 271 2575 exeo
295 2511 482 2587 intelligitur,
506 2509 583 2588 quod
606 2510 634 2568 in
657 2508 720 2587 lug.
745 2529 770 2570 c.
793 2511 850 2587 95,
873 2511 903 2570 ⁶2.
930 2512 1060 2574 declarat
1087 2516 1142 2576 alio
1166 2516 1234 2578 loco
1257 2518 1347 2578 sede

175 2624 257 2686 Sulla
278 2641 337 2683 non
361 2639 428 2680 esse
451 2619 607 2696 dicturum,
642 2629 787 2680 ettamen
810 2623 838 2681 in
860 2621 1050 2684 Historiarum
1074 2629 1226 2705 prooemio
1258 2629 1346 2689 multa

175 2737 212 2796 de
235 2735 298 2796 eius
322 2733 403 2793 bello
427 2729 521 2807 civili,
545 2729 686 2790 dictatura
708 2748 878 2810 morumque
900 2733 1041 2796 foeditate
1063 2737 1229 2817 disputavit.
1260 2739 1345 2799 ‘Paur-

175 2847 218 2906 cis
247 2846 334 2923 igitur
365 2852 432 2903 ante
459 2850 580 2901 mortem
609 2840 736 2902 Sallustii
765 2845 862 2921 annis,
895 2863 969 2923 qnae
995 2846 1021 2902 in
1047 2865 1072 2906 a.
1101 2847 1141 2908 35
1170 2866 1196 2907 a.
1226 2847 1294 2909 cnr.
1318 2870 1345 2910 n.

174 2955 290 3032 incidit,
311 2954 458 3015 Historiae
486 2952 817 3031 contectaeeditaeque
841 2953 956 3013 inerint.
1001 2955 1041 3014 lis
1063 2967 1182 3037 auctor,
1212 2969 1346 3038 quantum

176 3066 341 3127 testimonio
365 3062 595 3138 Ausoniildpll.
619 3063 675 3139 lv,
705 3064 741 3123 iil
769 3081 835 3141 sqq.
864 3073 893 3122 ct
915 3062 1142 3142 fragmentorum
1172 3069 1269 3129 indole
1298 3089 1346 3130 co·

176 3175 345 3256 gnoscitur,
376 3173 528 3235 duodecim
550 3190 642 3232 annos
665 3172 818 3251 (78-67
842 3191 867 3232 a.
885 3171 953 3233 cnr.
976 3175 1019 3252 n.)
1042 3178 1079 3237 ita
1104 3178 1274 3258 complexus
1293 3189 1347 3256 cst,

178 3295 207 3345 ut
233 3287 383 3345 universas
406 3283 508 3363 populi
530 3281 653 3342 Romani
675 3299 724 3340 res
747 3280 817 3341 belli
839 3281 973 3361 domique
997 3295 1097 3363 gestas
1124 3267 1260 3349 accurata
1283 3308 1347 3349 nar·

178 3395 291 3456 ratione
314 3394 440 3473 quinque
466 3390 548 3452 libris
576 3399 816 3471 persequeretur.
862 3392 988 3472 Sumpsit
1010 3405 1104 3456 autem
1133 3397 1210 3458 illios
1233 3401 1347 3478 potissi·

178 3524 253 3565 mum
274 3505 415 3585 temporis
437 3501 605 3561 memoriam
629 3499 683 3560 sibi
706 3500 917 3579 illustrandam,
954 3505 1031 3582 qnod
1054 3525 1112 3566 non
1141 3508 1234 3568 solum
1254 3510 1346 3570 forma

179 3616 318 3692 civitatis,
348 3631 432 3694 quam
456 3611 536 3672 Sulla
567 3629 621 3690 per
647 3610 703 3669 vim
729 3609 897 3688 induxerat,
926 3631 980 3692 per
1009 3633 1062 3676 eos
1092 3635 1183 3678 annos
1212 3619 1348 3699 paulatim

180 3743 338 3802 concussa,
362 3723 511 3786 debilitata
535 3732 563 3783 et
587 3719 699 3781 sublata
722 3730 781 3797 est,
804 3739 949 3799 quaeres
971 3723 1011 3784 illi
1035 3730 1192 3803 potentiam
1216 3729 1347 3790 nobilita·

180 3837 217 3898 tis
236 3852 346 3916 peroso
367 3834 519 3896 admodum
539 3833 639 3913 gravis
658 3831 751 3891 videri
772 3830 888 3909 debuit,
913 3832 1085 3911 sedetiam,
1109 3836 1174 3897 dum
1193 3839 1263 3900 illud
1283 3859 1347 3920 per·

180 3943 290 4024 licitur,
313 3944 482 4025 respublica
505 3945 636 4005 Romana
653 3943 744 4002 tantis
766 3940 906 4021 periculis
926 3942 1092 4006 domesticis
1112 3956 1199 4026 atque
1220 3950 1347 4009 externis

180 4056 339 4134 laboravit,
362 4063 393 4114 ut
415 4055 463 4115 vix
486 4071 609 4134 unquam
633 4051 789 4118 maioribus
807 4051 890 4111 malis
909 4053 1034 4132 undique
1056 4040 1256 4134 ingruentibus
1280 4076 1346 4120 con·

180 4168 349 4230 dictaretur.
393 4166 466 4226 Nam
493 4165 614 4244 primurn
635 4162 762 4243 Lepidus
784 4162 877 4222 statim
899 4171 966 4242 post
988 4163 1087 4225 Sullae
1108 4177 1230 4228 mortem
1253 4176 1347 4229 tantas

179 4277 280 4340 turbas
304 4259 526 4352 concitaverat,
548 4283 577 4334 ut
600 4291 691 4352 aegre
713 4272 939 4352 opprimeretur·
985 4271 1055 4334 Tum
1078 4277 1227 4337 Sertorius
1252 4277 1280 4335 in
1300 4277 1346 4338 Hi·
