3028 4852
238 2077 411 2180 Quamvis
441 2105 635 2193 pervulgato
660 2127 749 2169 more
772 2105 892 2170 fecisse
919 2107 1048 2188 videar,
1073 2105 1144 2170 Viri
1171 2103 1326 2168 lllustris·

155 2226 246 2307 simi,
268 2232 305 2288 ut
330 2225 605 2313 splendidissimis
628 2223 816 2289 nominibus
838 2225 960 2290 Vestris
982 2227 1123 2311 gratiam
1143 2223 1220 2288 huic
1241 2221 1325 2287 libro

154 2352 253 2430 atque
273 2343 588 2408 commendationem
610 2343 835 2427 conciliarem,
862 2352 973 2409 tamen
997 2345 1106 2408 minus
1135 2342 1326 2408 ambitiosas

155 2483 289 2528 caussas
314 2483 421 2550 neque
445 2464 650 2528 extrinsecus
674 2463 855 2550 quaesitas,
874 2463 942 2532 ¹sed
964 2486 1007 2529 cx
1029 2464 1138 2528 animo
1160 2461 1326 2551 profectas

154 2580 271 2662 habui,
295 2604 352 2646 cur
373 2583 458 2646 hanc
477 2603 609 2670 operam
631 2603 736 2646 meam
753 2582 787 2644 in
799 2580 947 2648 Sallustii
968 2583 1099 2670 scriptis
1121 2579 1327 2670 explicandis

155 2701 296 2787 positam
327 2699 431 2765 Vobis
456 2722 583 2766 sacram
617 2721 691 2764 esse
724 2699 853 2764 vellem.
913 2707 997 2767 Nam
1026 2701 1093 2785 Tu,
1126 2698 1326 2765 IOANNES

157 2819 368 2903 SOHULZI,
395 2841 437 2883 ex
454 2839 518 2904 quo
541 2819 732 2884 adolescens
751 2821 785 2883 in
805 2819 908 2885 Tuam
923 2821 1072 2886 notitiam
1093 2821 1184 2902 veni,
1202 2827 1326 2884 tantam

154 2938 236 3003 mihi
255 2939 518 3004 benevolentiam
547 2946 644 3024 atque
662 2937 809 3004 favorem
827 2940 1034 3027 praestitisti,
1057 2948 1182 3004 tantam
1204 2939 1240 3002 in
1257 2959 1325 3001 mu·

156 3078 236 3120 nere
266 3055 416 3120 obeundo
446 3055 650 3120 alacritatem
677 3079 830 3142 assensu,
857 3057 1105 3145 approbatione,
1135 3059 1327 3122 auctoritate

157 3175 330 3255 addidisti,
363 3175 410 3237 ita
442 3174 477 3237 in
506 3175 589 3238 meis
614 3177 816 3262 temporibus
846 3177 1047 3242 humanitate
1075 3199 1126 3241 me
1156 3184 1189 3241 et
1216 3176 1326 3241 animo

156 3317 235 3360 vere
262 3301 399 3380 paterno
427 3294 564 3358 erexisti
591 3302 689 3381 atquc
717 3297 889 3380 recreasti,
923 3305 960 3361 ut
979 3295 1211 3360 beneficiorum
1241 3295 1327 3359 Tuo-

158 3435 230 3479 rum
264 3413 452 3477 memoriam
495 3434 562 3476 non
597 3415 659 3477 sim
699 3415 765 3479 nisi
799 3437 873 3480 cum
907 3417 980 3502 ipsa
1014 3415 1084 3479 vita
1118 3413 1325 3477 dimissurus.

159 3533 210 3598 Tu
245 3554 346 3614 vero,
380 3531 618 3597 LUDOVIOE
654 3532 791 3598 WIESI
802 3583 811 3617 ,
851 3557 946 3622 quem
977 3540 1053 3597 ante
1087 3532 1146 3598 hos
1181 3532 1325 3618 quinque

157 3660 190 3716 et
217 3651 354 3736 triginta
379 3672 482 3714 annos
510 3652 545 3714 in
572 3652 643 3737 ipso
671 3652 851 3718 studiorum
870 3652 1014 3719 'l'uorum
1036 3651 1189 3736 ingressu
1214 3652 1326 3715 iucun-

158 3770 296 3850 dissima
327 3768 570 3833 necessitudine
600 3769 679 3835 Tibi
712 3773 921 3836 coniunctum
953 3771 1082 3836 sincero
1116 3791 1227 3835 amore
1258 3793 1325 3834 am-

157 3891 276 3976 plexus
306 3909 359 3971 es,
391 3885 532 3951 eundem
564 3909 616 3951 me
645 3890 688 3954 ad
718 3890 805 3954 hunc
835 3889 921 3954 diem
956 3910 1066 3953 amare
1094 3911 1160 3953 non
1189 3889 1326 3971 desiisti,

157 4006 397 4096 pristinumque
425 4005 526 4069 animi
548 4005 699 4072 affectum
723 4031 789 4074 non
817 4008 912 4073 modo
942 4008 1144 4098 conservasti
1170 4007 1250 4072 mihi
1278 4009 1326 4072 in·

156 4134 301 4210 tegrnm,
323 4123 384 4188 sed
406 4145 532 4188 summa
546 4123 746 4192 humanitate
768 4128 890 4192 auxisti
914 4135 1012 4214 atquc
1034 4149 1070 4191 re
1091 4124 1327 4213 comprobasti;

156 4263 241 4331 quae
262 4241 414 4308 voluntas
433 4263 512 4327 erga
534 4265 586 4306 me
607 4243 679 4307 Tua
699 4255 819 4332 quanto
843 4247 923 4310 mihi
943 4245 1065 4331 gaudio
1086 4246 1142 4329 sit,
1167 4246 1325 4309 animum-

155 4383 220 4450 que
238 4383 305 4427 non
320 4361 425 4428 solum
445 4363 644 4432 suavissima
657 4365 826 4450 praeteriti
836 4367 991 4453 temporis
1007 4364 1232 4429 recordatione
1252 4385 1324 4450 per·
