3024 4852
497 304 690 353 mouerat.
718 305 748 352 c.
772 306 954 354 xx1.xx11.
1253 303 1312 364 149

136 469 237 522 castra
266 461 391 523 bostium
418 460 569 532 invadunt3
600 462 793 522 semisomnos
816 465 935 544 partim,
964 467 1039 528 alios
1066 485 1144 529 arma
1171 469 1309 530 sumentis

134 574 242 652 iugant
262 573 454 652 funduntque;
484 572 637 634 Adherbal
655 591 718 633 cum
744 574 846 654 paucis
868 577 1015 656 equitibus
1037 577 1143 640 Cirtam
1166 579 1307 659 profugit,

135 693 167 744 et
192 685 220 744 ni
242 684 392 745 multitudo
418 693 584 762 togatorum
612 683 732 763 fuisset,
760 702 834 764 quae
857 685 996 748 Numidas
1023 690 1202 768 insequentis
1228 707 1308 750 moe·

133 794 223 854 nibus
246 793 408 874 prohibuit,
441 812 499 854 uno
523 794 569 854 die
588 795 664 855 inter
685 795 759 856 duos
780 814 872 874 reges
897 807 1032 878 coeptum
1055 807 1142 878 atque
1165 808 1306 878 patratum

101 918 119 970 3
135 904 247 966 bellum
265 906 352 966 ioret.
396 904 488 984 lgitur
506 903 645 983 lugurtba
668 905 804 985 oppidum
825 907 1023 987 circumsedit,
1056 910 1149 969 vineis
1167 908 1307 970 turribus-

47 1003 50 1008 ’
134 1033 196 1094 que
224 1025 253 1076 et
280 1016 421 1078 machinis
444 1018 567 1076 omnium
590 1033 731 1093 generum
755 1035 926 1096 expugnare
953 1019 1140 1098 aggreditur,
1174 1037 1307 1080 maxume

132 1126 278 1187 iestinans
298 1136 413 1208 tempus
434 1127 598 1204 legatorum
622 1135 816 1205 antecapere,
847 1144 922 1206 quos
944 1139 1011 1191 ante
1034 1130 1181 1209 proeliurrt
1199 1130 1305 1189 lactum

99 1235 172 1300 aab
199 1236 368 1298 Adherbale
401 1239 523 1300 Romam
556 1237 664 1296 missos
700 1235 859 1296 audiverat.
910 1239 968 1300 Sed
999 1249 1152 1319 postquam
1188 1248 1305 1300 senatus

133 1345 172 1407 de
202 1346 284 1406 bello
318 1364 418 1406 eorum
448 1348 581 1426 accepit,
619 1358 680 1409 tres
708 1349 914 1411 adulescentes
942 1350 969 1410 in
997 1349 1127 1410 biricam
1158 1349 1301 1427 legantur,

134 1457 186 1535 qui
216 1456 318 1516 ambos
346 1475 435 1535 reges
461 1457 580 1534 adeant,
618 1469 736 1521 senatus
762 1461 922 1540 populique
950 1461 1073 1544 Romani
1106 1460 1205 1521 verbis
1233 1478 1328 1558 nun-s

134 1567 222 1626 tient:
258 1566 335 1628 velle
359 1577 388 1628 et
417 1586 557 1646 censere,
594 1587 648 1630 eos
675 1569 712 1630 ab
740 1571 828 1631 armis
856 1571 1027 1648 discedere,
1065 1570 1101 1630 dc
1132 1579 1302 1631 controver-

134 1677 186 1737 siis
221 1678 280 1737 suis
311 1679 374 1738 iure
404 1680 502 1758 potius
531 1697 617 1758 quarn
648 1679 728 1742 bello
760 1681 944 1762 disceptare;
982 1683 1020 1741 ita
1057 1699 1149 1760 seque
1185 1681 1304 1760 illisque

131 1789 250 1866 dignum
271 1808 349 1850 esse.
856 1865 857 1871 ἵ

217 1898 310 1960 XXII.
354 1900 456 1977 Legati
479 1901 506 1959 in
527 1899 658 1961 biricam
679 1909 854 1962 maturantes
875 1901 1007 1977 veniunt,
1031 1919 1067 1960 eo
1090 1902 1198 1978 magis,
1223 1899 1302 1980 quod

130 2009 260 2086 Romae,
289 2009 354 2070 dum
381 2011 530 2089 proticisci
559 2021 675 2089 parant,
704 2011 740 2072 de
766 2011 881 2090 proelio
911 2010 990 2071 iacto
1023 2019 1052 2070 ct
1081 2011 1300 2090 oppugnatione

101 2117 229 2183 20irtae
258 2119 443 2190 audiebatur;
477 2120 578 2181 sedis
605 2139 703 2180 rumor
730 2121 859 2181 clemens
886 2129 959 2180 erat.
1011 2122 1139 2197 Quorum
1162 2119 1300 2199 lugurtba

131 2238 255 2310 accepta
278 2232 410 2292 oratione
437 2231 605 2310 respondit:
635 2231 689 2292 sibi
711 2249 807 2310 neque
830 2231 921 2292 maius
949 2217 1102 2310 quicquam
1131 2249 1227 2310 neque
1251 2249 1298 2290 ca·

131 2341 191 2402 rius
214 2343 385 2402 auctoritate
413 2342 506 2401 senati
523 2359 616 2428 essc;
651 2341 687 2402 ab
713 2342 911 2402 adulescentia
934 2343 972 2401 ita
996 2360 1028 2402 se
1055 2342 1181 2419 enisum,
1211 2350 1239 2402 ut
1262 2340 1298 2401 ab

131 2461 248 2531 optumo
268 2471 385 2532 quoque
405 2452 595 2532 probaretur;
617 2453 738 2528 virtute,
761 2469 818 2512 nou
837 2452 942 2514 malitia
964 2451 995 2512 P.
1015 2452 1164 2532 Scipioni,
1187 2469 1297 2512 summo

131 2564 212 2640 viro,
241 2562 404 2641 placuisse;
437 2562 475 2622 ob
501 2561 619 2622 easdem
642 2563 712 2622 artis
739 2562 775 2622 ab
796 2562 936 2642 Micipsa,
963 2581 1021 2624 non
1043 2564 1162 2642 penuria
1190 2561 1298 2623 libero·
1364 2571 1368 2580 '

103 2691 207 2752 arum,
237 2674 266 2733 iu
294 2692 416 2752 regnum
447 2673 613 2752 adoptatum
641 2690 724 2740 essc;
755 2681 883 2732 ceterum
906 2689 964 2751 quo
990 2672 1072 2752 plura
1103 2672 1177 2732 bene
1209 2681 1296 2751 atque

131 2792 247 2844 strenue
269 2785 405 2860 lecisset,
435 2801 472 2842 eo
494 2783 616 2843 animum
644 2798 725 2840 suum
748 2782 877 2841 iniuriam
898 2783 989 2841 minus
1011 2781 1155 2853 tolerare;
1184 2783 1298 2844 Adher·

130 2892 224 2954 balem
251 2893 329 2953 dolis
360 2892 436 2952 vitae
466 2909 536 2951 suae
561 2891 736 2959 insidiatum
767 2890 844 2969 quod
872 2890 921 2950 ubi
950 2894 1158 2970 comperisset,
1188 2891 1296 2951 sceleri

103 3002 191 3072 qeins
215 3001 330 3061 obviam
352 3003 425 3070 isse;
454 2999 595 3081 populum
615 2999 776 3060 Romanum
801 3017 897 3079 neque
922 3008 1003 3060 recte
1022 3018 1118 3080 neque
1142 3019 1196 3080 pro
1215 3000 1293 3062 bono

162 3185 309 3253 togatorum]
327 3188 346 3238 i.
360 3203 383 3237 c.
397 3188 496 3238 civium
508 3201 689 3246 romanorum,
766 3185 854 3236 XXII.
884 3187 907 3236 1.
930 3185 1047 3252 clemens]
1075 3186 1220 3240 Translate
1245 3191 1295 3240 cle·

130 3266 171 3332 qui
191 3266 262 3316 infra
284 3282 308 3316 c.
327 3265 375 3329 26,
396 3267 419 3317 i.
445 3265 573 3316 dicuntur
592 3265 687 3324 Italici,
730 3279 797 3313 mene
811 3262 924 3326 dicitur,
943 3265 1073 3330 quicquid
1086 3267 1220 3317 modicum
1236 3263 1311 3327 est3'

128 3349 154 3395 et
171 3347 196 3407 5.
215 3342 240 3394 3.
258 3345 435 3408 negotiatores.
455 3343 490 3394 ci.
510 3359 534 3394 c.
552 3345 595 3404 47,
618 3343 642 3394 1.
732 3357 813 3407 quare
827 3357 911 3391 mcor
924 3345 1029 3394 clemens
1041 3349 1094 3408 est,
1115 3345 1160 3411 qui
1175 3361 1231 3396 rem
1244 3349 1292 3396 mi-

160 3430 253 3485 tempus
262 3420 412 3487 legator-mn]
430 3421 449 3473 i.
463 3438 487 3472 e.
500 3427 622 3486 ternpus,
634 3433 687 3486 quo
729 3433 780 3468 nus
792 3423 912 3470 atrocem
922 3424 949 3470 et
957 3436 1068 3486 gravem
1078 3424 1197 3487 nuntiet,
1211 3439 1291 3489 quam

127 3499 221 3566 legatis
239 3515 306 3564 opus
325 3505 384 3550 erat
399 3500 434 3549 ad
452 3500 591 3566 negotium
608 3515 686 3550 suum
729 3513 776 3562 per
795 3512 824 3549 se
842 3501 894 3548 est.

125 3578 329 3645 exsequendum.
366 3578 399 3628 Id
412 3586 566 3644 antecapere
578 3580 688 3643 festina·
763 3586 788 3635 2.
814 3585 921 3647 Quorum
939 3582 1062 3648 Iugurtha
1081 3585 1144 3649 etc]
1172 3586 1214 3635 De
1231 3603 1290 3637 ver·
1380 3599 1384 3607 ·

127 3659 229 3722 bctita,
243 3661 288 3719 ut,
303 3661 448 3722 antequam
461 3657 591 3720 redirent,
608 3657 685 3707 Cirta
726 3663 821 3712 borum
840 3661 934 3712 ordine
952 3661 988 3713 ci.
1008 3661 1068 3711 eat.
1087 3662 1130 3724 37,
1149 3665 1175 3714 9.

127 3737 222 3803 oppido
241 3735 383 3800 potiretur.
760 3738 865 3804 malitia]
885 3739 998 3802 Proprie
1017 3738 1091 3790 dicte
1109 3740 1176 3789 baec
1189 3757 1242 3792 vox
1259 3741 1288 3792 in

158 3827 181 3874 4.
201 3818 354 3885 dr’eceptare]
379 3818 414 3870 cf.
434 3819 512 3870 Caes.
530 3821 562 3870 Β.
580 3819 609 3869 O.
629 3818 683 3881 ΠΙ,
726 3817 880 3880 universum
894 3818 1057 3865 malacartee
1070 3816 1287 3881 significat‚cir-

129 3902 188 3962 rot,
214 3902 240 3950 2.
268 3899 311 3948 De
341 3899 581 3947 controuersiis
610 3899 685 3946 iure
726 3895 782 3950 tacti,
800 3894 819 3943 i.
838 3908 862 3942 e.
883 3893 953 3942 bonis
971 3893 1069 3942 artibus
1087 3895 1238 3958 oppositos,
1256 3898 1287 3943 ut

126 3978 191 4042 opud
207 3993 236 4026 ee
250 3978 350 4040 potius,
370 3989 442 4040 quam
456 3975 523 4022 inter
539 3989 568 4024 ee
586 3977 684 4023 armis
724 3987 757 4020 ex
776 3969 951 4033 sequentibus
970 3972 1056 4032 petet.

125 4061 318 4119 disceptare.
338 4050 679 4115 Ltv.xxxvl11,38‚tt.
758 4057 784 4105 4.
803 4069 852 4118 pro
871 4051 944 4117 bono]
973 4053 992 4102 i.
1011 4068 1034 4104 a.
1056 4053 1126 4103 berre.
1158 4051 1289 4105 Aduerbii

157 4157 231 4208 aeque
249 4142 349 4206 illisque
365 4135 475 4203 dignum]
500 4137 681 4196 scitamenta,
722 4133 764 4182 vis
785 4149 820 4182 ex
837 4145 868 4182 eo
885 4130 991 4196 prodit,
1010 4131 1082 4196 quod
1096 4129 1142 4195 qui
1155 4144 1207 4193 pro
1224 4131 1287 4184 bona

127 4224 155 4270 ut
171 4218 287 4270 dominis
306 4232 339 4268 ec
355 4214 494 4281 petronis,
511 4215 572 4273 iilis,
589 4218 621 4264 ut
639 4229 683 4264 eo·
721 4209 799 4274 facit,
818 4210 859 4259 ite
876 4208 959 4269 iacit,
982 4214 1013 4258 ut
1030 4208 1058 4258 id
1075 4208 1134 4258 boni
1149 4209 1227 4258 tomam
1244 4212 1287 4261 ob.

125 4313 177 4348 rum
199 4295 344 4346 clientibus
366 4310 399 4346 ex
421 4297 587 4357 senatusque
611 4293 682 4342 erbi-
724 4293 811 4350 tinent,
828 4289 886 4338 sive
898 4287 956 4338 boni
967 4291 1020 4339 loco
1031 4290 1076 4345 cit·
1094 4288 1129 4340 ci.
1142 4289 1217 4341 Suet.
1230 4292 1285 4343 Tit.

125 4376 172 4426 trio
188 4374 379 4441 pendentibus.
724 4369 749 4420 7.
768 4365 851 4431 Atque
868 4367 906 4416 itti
923 4380 954 4416 ca
970 4366 1042 4429 sama
1057 4382 1118 4430 pro
1135 4367 1215 4419 bono
1233 4385 1288 4426 cese
