<?xml version="1.0" encoding="UTF-8"?>
<!DOCTYPE html PUBLIC "-//W3C//DTD XHTML 1.0 Transitional//EN"
    "http://www.w3.org/TR/xhtml1/DTD/xhtml1-transitional.dtd">
<html xmlns="http://www.w3.org/1999/xhtml" xml:lang="en" lang="en">
 <head>
  <title>
</title>
<meta http-equiv="Content-Type" content="text/html;charset=utf-8" />
  <meta name='ocr-system' content='tesseract 3.04.00' />
  <meta name='ocr-capabilities' content='ocr_page ocr_carea ocr_par ocr_line ocrx_word'/>
</head>
<body>
  <div class='ocr_page' id='page_1' title='image "./catilinaiugurth01sallgoog_0183.png"; bbox 0 0 3024 4852; ppageno 0'>
   <div class='ocr_carea' id='block_1_1' title="bbox 206 289 967 350">
    <p class='ocr_par' dir='ltr' id='par_1_1' title="bbox 206 289 967 350">
     <span class='ocr_line' id='line_1_1' title="bbox 206 289 967 350; baseline -0.007 0"><span class='ocrx_word' id='word_1_1' title='bbox 206 289 266 350; x_wconf 86' lang='grc'>164</span> <span class='ocrx_word' id='word_1_2' title='bbox 610 298 640 346; x_wconf 89' lang='lat' dir='ltr'>c.</span> <span class='ocrx_word' id='word_1_3' title='bbox 665 298 831 346; x_wconf 80' lang='lat' dir='ltr'>snunusrr</span> <span class='ocrx_word' id='word_1_4' title='bbox 854 298 967 346; x_wconf 78' lang='lat' dir='ltr'>cursen</span> 
     </span>
    </p>
   </div>
   <div class='ocr_carea' id='block_1_2' title="bbox 203 453 1434 2074">
    <p class='ocr_par' dir='ltr' id='par_1_2' title="bbox 203 453 1434 1964">
     <span class='ocr_line' id='line_1_2' title="bbox 204 453 1406 534; baseline 0 -18"><span class='ocrx_word' id='word_1_5' title='bbox 204 464 302 531; x_wconf 87' lang='lat' dir='ltr'>crant,</span> <span class='ocrx_word' id='word_1_6' title='bbox 325 454 412 534; x_wconf 90' lang='lat' dir='ltr'>paulo</span> <span class='ocrx_word' id='word_1_7' title='bbox 435 453 625 514; x_wconf 78' lang='lat' dir='ltr'>inconsultius</span> <span class='ocrx_word' id='word_1_8' title='bbox 644 455 799 516; x_wconf 86' lang='lat' dir='ltr'>Massivam</span> <span class='ocrx_word' id='word_1_9' title='bbox 821 457 1007 534; x_wconf 85' lang='lat' dir='ltr'>aggreditur;</span> <span class='ocrx_word' id='word_1_10' title='bbox 1032 455 1111 514; x_wconf 95' lang='lat' dir='ltr'>illum</span> <span class='ocrx_word' id='word_1_11' title='bbox 1132 455 1312 533; x_wconf 79' lang='lat' dir='ltr'>obtruncat,</span> <span class='ocrx_word' id='word_1_12' title='bbox 1343 458 1406 516; x_wconf 89' lang='lat' dir='ltr'>sed</span> 
     </span>
     <span class='ocr_line' id='line_1_3' title="bbox 203 563 1405 647; baseline -0.002 -19"><span class='ocrx_word' id='word_1_13' title='bbox 203 569 267 647; x_wconf 91' lang='lat' dir='ltr'>ipse</span> <span class='ocrx_word' id='word_1_14' title='bbox 294 563 515 642; x_wconf 87' lang='lat' dir='ltr'>deprehensus,</span> <span class='ocrx_word' id='word_1_15' title='bbox 546 565 641 624; x_wconf 91' lang='lat' dir='ltr'>multis</span> <span class='ocrx_word' id='word_1_16' title='bbox 663 566 844 627; x_wconf 79' lang='lat' dir='ltr'>hortantibus</span> <span class='ocrx_word' id='word_1_17' title='bbox 872 577 901 626; x_wconf 91' lang='lat' dir='ltr'>et</span> <span class='ocrx_word' id='word_1_18' title='bbox 927 569 955 626; x_wconf 92' lang='lat' dir='ltr'>in</span> <span class='ocrx_word' id='word_1_19' title='bbox 984 567 1083 645; x_wconf 89' lang='lat' dir='ltr'>primis</span> <span class='ocrx_word' id='word_1_20' title='bbox 1105 565 1213 626; x_wconf 80' lang='lat' dir='ltr'>Albino</span> <span class='ocrx_word' id='word_1_21' title='bbox 1246 567 1405 642; x_wconf 83' lang='lat' dir='ltr'>consule,</span> 
     </span>
     <span class='ocr_line' id='line_1_4' title="bbox 206 675 1429 754; baseline -0.003 -18"><span class='ocrx_word' id='word_1_22' title='bbox 206 677 340 736; x_wconf 92' lang='lat' dir='ltr'>indicium</span> <span class='ocrx_word' id='word_1_23' title='bbox 370 675 530 754; x_wconf 80' lang='lat' dir='ltr'>profitetur.</span> <span class='ocrx_word' id='word_1_24' title='bbox 575 675 620 734; x_wconf 87' lang='lat' dir='ltr'>Fit</span> <span class='ocrx_word' id='word_1_25' title='bbox 646 695 714 736; x_wconf 91' lang='lat' dir='ltr'>reus</span> <span class='ocrx_word' id='word_1_26' title='bbox 744 678 837 754; x_wconf 87' lang='lat' dir='ltr'>magis</span> <span class='ocrx_word' id='word_1_27' title='bbox 864 697 901 736; x_wconf 86' lang='lat' dir='ltr'>ex</span> <span class='ocrx_word' id='word_1_28' title='bbox 930 692 1026 754; x_wconf 85' lang='lat' dir='ltr'>aequo</span> <span class='ocrx_word' id='word_1_29' title='bbox 1056 675 1194 754; x_wconf 85' lang='lat' dir='ltr'>bonoque</span> <span class='ocrx_word' id='word_1_30' title='bbox 1223 695 1317 754; x_wconf 84' lang='lat' dir='ltr'>quam</span> <span class='ocrx_word' id='word_1_31' title='bbox 1354 687 1429 736; x_wconf 75' lang='lat' dir='ltr'>ext</span> 
     </span>
     <span class='ocr_line' id='line_1_5' title="bbox 205 785 1401 866; baseline 0 -20"><span class='ocrx_word' id='word_1_32' title='bbox 205 790 268 846; x_wconf 89' lang='lat' dir='ltr'>iure</span> <span class='ocrx_word' id='word_1_33' title='bbox 289 785 418 864; x_wconf 86' lang='lat' dir='ltr'>gentium</span> <span class='ocrx_word' id='word_1_34' title='bbox 437 785 601 861; x_wconf 84' lang='lat' dir='ltr'>Bomilcar,</span> <span class='ocrx_word' id='word_1_35' title='bbox 625 804 725 846; x_wconf 88' lang='lat' dir='ltr'>comes</span> <span class='ocrx_word' id='word_1_36' title='bbox 747 790 825 863; x_wconf 87' lang='lat' dir='ltr'>eius,</span> <span class='ocrx_word' id='word_1_37' title='bbox 854 789 902 866; x_wconf 84' lang='lat' dir='ltr'>qui</span> <span class='ocrx_word' id='word_1_38' title='bbox 923 787 1043 847; x_wconf 80' lang='lat' dir='ltr'>Bonnam</span> <span class='ocrx_word' id='word_1_39' title='bbox 1067 787 1123 846; x_wconf 85' lang='lat' dir='ltr'>ude</span> <span class='ocrx_word' id='word_1_40' title='bbox 1147 785 1266 865; x_wconf 82' lang='lat' dir='ltr'>publica</span> <span class='ocrx_word' id='word_1_41' title='bbox 1296 805 1401 846; x_wconf 88' lang='lat' dir='ltr'>vene-</span> 
     </span>
     <span class='ocr_line' id='line_1_6' title="bbox 205 895 1425 974; baseline -0.004 -16"><span class='ocrx_word' id='word_1_42' title='bbox 205 907 258 959; x_wconf 88' lang='lat' dir='ltr'>rat.</span> <span class='ocrx_word' id='word_1_43' title='bbox 303 898 342 957; x_wconf 80' lang='lat' dir='ltr'>m</span> <span class='ocrx_word' id='word_1_44' title='bbox 362 895 516 973; x_wconf 82' lang='lat' dir='ltr'>Iugurtha,</span> <span class='ocrx_word' id='word_1_45' title='bbox 546 896 715 955; x_wconf 81' lang='lat' dir='ltr'>manifestus</span> <span class='ocrx_word' id='word_1_46' title='bbox 738 899 807 971; x_wconf 77' lang='lat' dir='ltr'>tanti</span> <span class='ocrx_word' id='word_1_47' title='bbox 831 897 971 974; x_wconf 82' lang='lat' dir='ltr'>sceleris,</span> <span class='ocrx_word' id='word_1_48' title='bbox 1002 913 1059 956; x_wconf 93' lang='lat' dir='ltr'>non</span> <span class='ocrx_word' id='word_1_49' title='bbox 1083 897 1162 974; x_wconf 90' lang='lat' dir='ltr'>prius</span> <span class='ocrx_word' id='word_1_50' title='bbox 1184 897 1282 956; x_wconf 88' lang='lat' dir='ltr'>omisit</span> <span class='ocrx_word' id='word_1_51' title='bbox 1314 905 1425 956; x_wconf 87' lang='lat' dir='ltr'>con-8</span> 
     </span>
     <span class='ocr_line' id='line_1_7' title="bbox 205 1007 1397 1086; baseline 0 -20"><span class='ocrx_word' id='word_1_52' title='bbox 205 1017 247 1068; x_wconf 89' lang='lat' dir='ltr'>tra</span> <span class='ocrx_word' id='word_1_53' title='bbox 270 1027 370 1068; x_wconf 85' lang='lat' dir='ltr'>verum</span> <span class='ocrx_word' id='word_1_54' title='bbox 393 1008 458 1082; x_wconf 93' lang='lat' dir='ltr'>niti,</span> <span class='ocrx_word' id='word_1_55' title='bbox 490 1024 575 1083; x_wconf 85' lang='lat' dir='ltr'>quam</span> <span class='ocrx_word' id='word_1_56' title='bbox 597 1007 718 1066; x_wconf 88' lang='lat' dir='ltr'>animum</span> <span class='ocrx_word' id='word_1_57' title='bbox 747 1007 887 1082; x_wconf 87' lang='lat' dir='ltr'>advortit,</span> <span class='ocrx_word' id='word_1_58' title='bbox 918 1025 1005 1086; x_wconf 90' lang='lat' dir='ltr'>supra</span> <span class='ocrx_word' id='word_1_59' title='bbox 1032 1008 1154 1083; x_wconf 84' lang='lat' dir='ltr'>gratiam</span> <span class='ocrx_word' id='word_1_60' title='bbox 1178 1015 1265 1084; x_wconf 89' lang='lat' dir='ltr'>atque</span> <span class='ocrx_word' id='word_1_61' title='bbox 1295 1025 1397 1085; x_wconf 87' lang='lat' dir='ltr'>pecu-</span> 
     </span>
     <span class='ocr_line' id='line_1_8' title="bbox 205 1087 1425 1194; baseline -0.003 -16"><span class='ocrx_word' id='word_1_62' title='bbox 205 1120 280 1178; x_wconf 87' lang='lat' dir='ltr'>niam</span> <span class='ocrx_word' id='word_1_63' title='bbox 301 1136 379 1178; x_wconf 89' lang='lat' dir='ltr'>suam</span> <span class='ocrx_word' id='word_1_64' title='bbox 401 1115 533 1176; x_wconf 86' lang='lat' dir='ltr'>invidiam</span> <span class='ocrx_word' id='word_1_65' title='bbox 553 1116 622 1175; x_wconf 86' lang='lat' dir='ltr'>lacti</span> <span class='ocrx_word' id='word_1_66' title='bbox 644 1135 720 1176; x_wconf 88' lang='lat' dir='ltr'>esse.</span> <span class='ocrx_word' id='word_1_67' title='bbox 766 1117 873 1194; x_wconf 86' lang='lat' dir='ltr'>igitur,</span> <span class='ocrx_word' id='word_1_68' title='bbox 897 1087 1067 1194; x_wconf 79' lang='lat' dir='ltr'>quamquam</span> <span class='ocrx_word' id='word_1_69' title='bbox 1090 1118 1117 1174; x_wconf 93' lang='lat' dir='ltr'>in</span> <span class='ocrx_word' id='word_1_70' title='bbox 1141 1117 1242 1194; x_wconf 89' lang='lat' dir='ltr'>priore</span> <span class='ocrx_word' id='word_1_71' title='bbox 1262 1117 1425 1175; x_wconf 72' lang='lat' dir='ltr'>actiones</span> 
     </span>
     <span class='ocr_line' id='line_1_9' title="bbox 207 1225 1396 1304; baseline -0.005 -14"><span class='ocrx_word' id='word_1_72' title='bbox 207 1247 244 1290; x_wconf 86' lang='lat' dir='ltr'>cx</span> <span class='ocrx_word' id='word_1_73' title='bbox 267 1230 367 1290; x_wconf 91' lang='lat' dir='ltr'>amicis</span> <span class='ocrx_word' id='word_1_74' title='bbox 396 1227 602 1304; x_wconf 87' lang='lat' dir='ltr'>quinquaginta</span> <span class='ocrx_word' id='word_1_75' title='bbox 630 1225 721 1286; x_wconf 89' lang='lat' dir='ltr'>vades</span> <span class='ocrx_word' id='word_1_76' title='bbox 744 1227 879 1304; x_wconf 84' lang='lat' dir='ltr'>dederat,</span> <span class='ocrx_word' id='word_1_77' title='bbox 912 1244 1006 1303; x_wconf 84' lang='lat' dir='ltr'>regno</span> <span class='ocrx_word' id='word_1_78' title='bbox 1031 1227 1124 1303; x_wconf 87' lang='lat' dir='ltr'>magis</span> <span class='ocrx_word' id='word_1_79' title='bbox 1147 1245 1232 1304; x_wconf 88' lang='lat' dir='ltr'>quam</span> <span class='ocrx_word' id='word_1_80' title='bbox 1258 1225 1396 1286; x_wconf 87' lang='lat' dir='ltr'>vadibus</span> 
     </span>
     <span class='ocr_line' id='line_1_10' title="bbox 207 1336 1392 1412; baseline -0.002 -15"><span class='ocrx_word' id='word_1_81' title='bbox 207 1339 365 1398; x_wconf 88' lang='lat' dir='ltr'>consulens</span> <span class='ocrx_word' id='word_1_82' title='bbox 392 1338 465 1396; x_wconf 89' lang='lat' dir='ltr'>clam</span> <span class='ocrx_word' id='word_1_83' title='bbox 494 1339 522 1396; x_wconf 93' lang='lat' dir='ltr'>in</span> <span class='ocrx_word' id='word_1_84' title='bbox 543 1338 705 1397; x_wconf 84' lang='lat' dir='ltr'>Numidiam</span> <span class='ocrx_word' id='word_1_85' title='bbox 727 1336 919 1396; x_wconf 86' lang='lat' dir='ltr'>Bomilcarem</span> <span class='ocrx_word' id='word_1_86' title='bbox 938 1336 1066 1412; x_wconf 88' lang='lat' dir='ltr'>dimittit,</span> <span class='ocrx_word' id='word_1_87' title='bbox 1097 1338 1221 1412; x_wconf 80' lang='lat' dir='ltr'>veritus,</span> <span class='ocrx_word' id='word_1_88' title='bbox 1249 1355 1289 1395; x_wconf 93' lang='lat' dir='ltr'>ne</span> <span class='ocrx_word' id='word_1_89' title='bbox 1316 1337 1392 1395; x_wconf 91' lang='lat' dir='ltr'>reli-</span> 
     </span>
     <span class='ocr_line' id='line_1_11' title="bbox 208 1443 1393 1526; baseline -0.002 -20"><span class='ocrx_word' id='word_1_90' title='bbox 208 1465 282 1525; x_wconf 89' lang='lat' dir='ltr'>quos</span> <span class='ocrx_word' id='word_1_91' title='bbox 309 1446 459 1526; x_wconf 87' lang='lat' dir='ltr'>popularis</span> <span class='ocrx_word' id='word_1_92' title='bbox 484 1457 577 1506; x_wconf 92' lang='lat' dir='ltr'>metus</span> <span class='ocrx_word' id='word_1_93' title='bbox 603 1448 753 1508; x_wconf 90' lang='lat' dir='ltr'>invaderet</span> <span class='ocrx_word' id='word_1_94' title='bbox 776 1443 895 1526; x_wconf 87' lang='lat' dir='ltr'>parendi</span> <span class='ocrx_word' id='word_1_95' title='bbox 919 1445 988 1522; x_wconf 87' lang='lat' dir='ltr'>sibi,</span> <span class='ocrx_word' id='word_1_96' title='bbox 1019 1448 1042 1506; x_wconf 92' lang='lat' dir='ltr'>si</span> <span class='ocrx_word' id='word_1_97' title='bbox 1072 1444 1108 1505; x_wconf 93' lang='lat' dir='ltr'>de</span> <span class='ocrx_word' id='word_1_98' title='bbox 1129 1446 1180 1505; x_wconf 91' lang='lat' dir='ltr'>illo</span> <span class='ocrx_word' id='word_1_99' title='bbox 1204 1445 1393 1525; x_wconf 91' lang='lat' dir='ltr'>supplicium</span> 
     </span>
     <span class='ocr_line' id='line_1_12' title="bbox 209 1555 1392 1637; baseline 0 -23"><span class='ocrx_word' id='word_1_100' title='bbox 209 1565 350 1634; x_wconf 92' lang='lat' dir='ltr'>sumptum</span> <span class='ocrx_word' id='word_1_101' title='bbox 380 1555 467 1614; x_wconf 87' lang='lat' dir='ltr'>loret.</span> <span class='ocrx_word' id='word_1_102' title='bbox 511 1557 548 1616; x_wconf 87' lang='lat' dir='ltr'>Bt</span> <span class='ocrx_word' id='word_1_103' title='bbox 576 1560 640 1635; x_wconf 90' lang='lat' dir='ltr'>ipse</span> <span class='ocrx_word' id='word_1_104' title='bbox 664 1559 765 1637; x_wconf 88' lang='lat' dir='ltr'>paucis</span> <span class='ocrx_word' id='word_1_105' title='bbox 794 1555 896 1615; x_wconf 89' lang='lat' dir='ltr'>diebus</span> <span class='ocrx_word' id='word_1_106' title='bbox 925 1555 1029 1615; x_wconf 89' lang='lat' dir='ltr'>eodem</span> <span class='ocrx_word' id='word_1_107' title='bbox 1052 1556 1205 1634; x_wconf 83' lang='lat' dir='ltr'>proiectus</span> <span class='ocrx_word' id='word_1_108' title='bbox 1233 1564 1297 1632; x_wconf 85' lang='lat' dir='ltr'>est,</span> <span class='ocrx_word' id='word_1_109' title='bbox 1330 1557 1392 1614; x_wconf 89' lang='lat' dir='ltr'>ius-</span> 
     </span>
     <span class='ocr_line' id='line_1_13' title="bbox 208 1665 1434 1744; baseline -0.004 -19"><span class='ocrx_word' id='word_1_110' title='bbox 208 1685 257 1725; x_wconf 88' lang='lat' dir='ltr'>sus</span> <span class='ocrx_word' id='word_1_111' title='bbox 279 1684 295 1726; x_wconf 88' lang='lat' dir='ltr'>a</span> <span class='ocrx_word' id='word_1_112' title='bbox 320 1675 420 1725; x_wconf 88' lang='lat' dir='ltr'>senatu</span> <span class='ocrx_word' id='word_1_113' title='bbox 439 1665 518 1725; x_wconf 88' lang='lat' dir='ltr'>ltalia</span> <span class='ocrx_word' id='word_1_114' title='bbox 547 1667 702 1726; x_wconf 89' lang='lat' dir='ltr'>decedere.</span> <span class='ocrx_word' id='word_1_115' title='bbox 747 1667 805 1726; x_wconf 90' lang='lat' dir='ltr'>Sed</span> <span class='ocrx_word' id='word_1_116' title='bbox 837 1675 988 1744; x_wconf 86' lang='lat' dir='ltr'>postquam</span> <span class='ocrx_word' id='word_1_117' title='bbox 1007 1667 1131 1734; x_wconf 71' lang='lat' dir='ltr'>Romala</span> <span class='ocrx_word' id='word_1_118' title='bbox 1154 1683 1297 1742; x_wconf 85' lang='lat' dir='ltr'>egressus</span> <span class='ocrx_word' id='word_1_119' title='bbox 1323 1675 1386 1742; x_wconf 90' lang='lat' dir='ltr'>est,</span> <span class='ocrx_word' id='word_1_120' title='bbox 1404 1675 1434 1722; x_wconf 84' lang='lat' dir='ltr'>lo</span> 
     </span>
     <span class='ocr_line' id='line_1_14' title="bbox 206 1775 1391 1855; baseline -0.003 -18"><span class='ocrx_word' id='word_1_121' title='bbox 206 1779 313 1855; x_wconf 80' lang='lat' dir='ltr'>fertur,</span> <span class='ocrx_word' id='word_1_122' title='bbox 337 1794 428 1854; x_wconf 87' lang='lat' dir='ltr'>saepe</span> <span class='ocrx_word' id='word_1_123' title='bbox 448 1795 484 1835; x_wconf 97' lang='lat' dir='ltr'>eo</span> <span class='ocrx_word' id='word_1_124' title='bbox 508 1775 611 1834; x_wconf 90' lang='lat' dir='ltr'>tacitus</span> <span class='ocrx_word' id='word_1_125' title='bbox 633 1777 810 1854; x_wconf 86' lang='lat' dir='ltr'>respiciens,</span> <span class='ocrx_word' id='word_1_126' title='bbox 842 1787 992 1855; x_wconf 92' lang='lat' dir='ltr'>postremo</span> <span class='ocrx_word' id='word_1_127' title='bbox 1015 1775 1141 1852; x_wconf 77' lang='lat' dir='ltr'>dixisse,</span> <span class='ocrx_word' id='word_1_128' title='bbox 1170 1775 1273 1836; x_wconf 90' lang='lat' dir='ltr'>urbem</span> <span class='ocrx_word' id='word_1_129' title='bbox 1292 1795 1391 1834; x_wconf 87' lang='lat' dir='ltr'>vena·</span> 
     </span>
     <span class='ocr_line' id='line_1_15' title="bbox 207 1885 1052 1964; baseline -0.004 -17"><span class='ocrx_word' id='word_1_130' title='bbox 207 1889 263 1947; x_wconf 88' lang='lat' dir='ltr'>lem</span> <span class='ocrx_word' id='word_1_131' title='bbox 289 1896 318 1947; x_wconf 89' lang='lat' dir='ltr'>et</span> <span class='ocrx_word' id='word_1_132' title='bbox 338 1896 448 1946; x_wconf 86' lang='lat' dir='ltr'>mature</span> <span class='ocrx_word' id='word_1_133' title='bbox 471 1888 646 1964; x_wconf 90' lang='lat' dir='ltr'>perituram,</span> <span class='ocrx_word' id='word_1_134' title='bbox 670 1885 693 1942; x_wconf 94' lang='lat' dir='ltr'>si</span> <span class='ocrx_word' id='word_1_135' title='bbox 716 1892 875 1961; x_wconf 89' lang='lat' dir='ltr'>emptorem</span> <span class='ocrx_word' id='word_1_136' title='bbox 900 1888 1052 1946; x_wconf 87' lang='lat' dir='ltr'>invenerit.</span> 
     </span>
    </p>

    <p class='ocr_par' dir='ltr' id='par_1_3' title="bbox 292 1992 1390 2074">
     <span class='ocr_line' id='line_1_16' title="bbox 292 1992 1390 2074; baseline -0.004 -16"><span class='ocrx_word' id='word_1_137' title='bbox 292 1995 428 2058; x_wconf 86' lang='lat' dir='ltr'>XXXVI.</span> <span class='ocrx_word' id='word_1_138' title='bbox 474 1996 590 2056; x_wconf 92' lang='lat' dir='ltr'>lnterim</span> <span class='ocrx_word' id='word_1_139' title='bbox 610 1992 735 2055; x_wconf 80' lang='lat' dir='ltr'>Albinus</span> <span class='ocrx_word' id='word_1_140' title='bbox 763 2004 905 2053; x_wconf 90' lang='lat' dir='ltr'>renovato</span> <span class='ocrx_word' id='word_1_141' title='bbox 929 1994 1009 2055; x_wconf 92' lang='lat' dir='ltr'>bello</span> <span class='ocrx_word' id='word_1_142' title='bbox 1036 2006 1241 2072; x_wconf 84' lang='lat' dir='ltr'>commeatum,</span> <span class='ocrx_word' id='word_1_143' title='bbox 1271 1995 1390 2074; x_wconf 91' lang='lat' dir='ltr'>stipen-</span> 
     </span>
    </p>
   </div>
   <div class='ocr_carea' id='block_1_3' title="bbox 207 2103 1476 2185">
    <p class='ocr_par' dir='ltr' id='par_1_4' title="bbox 207 2103 1476 2185">
     <span class='ocr_line' id='line_1_17' title="bbox 207 2103 1476 2185; baseline -0.009 -18"><span class='ocrx_word' id='word_1_144' title='bbox 207 2109 282 2168; x_wconf 94' lang='lat' dir='ltr'>dium</span> <span class='ocrx_word' id='word_1_145' title='bbox 305 2107 437 2185; x_wconf 86' lang='lat' dir='ltr'>aliaque,</span> <span class='ocrx_word' id='word_1_146' title='bbox 470 2123 544 2184; x_wconf 88' lang='lat' dir='ltr'>quae</span> <span class='ocrx_word' id='word_1_147' title='bbox 567 2103 705 2164; x_wconf 88' lang='lat' dir='ltr'>militibus</span> <span class='ocrx_word' id='word_1_148' title='bbox 733 2103 795 2161; x_wconf 88' lang='lat' dir='ltr'>usui</span> <span class='ocrx_word' id='word_1_149' title='bbox 818 2103 931 2180; x_wconf 79' lang='lat' dir='ltr'>forent,</span> <span class='ocrx_word' id='word_1_150' title='bbox 961 2113 1082 2164; x_wconf 88' lang='lat' dir='ltr'>maturat</span> <span class='ocrx_word' id='word_1_151' title='bbox 1107 2108 1136 2163; x_wconf 94' lang='lat' dir='ltr'>in</span> <span class='ocrx_word' id='word_1_152' title='bbox 1157 2106 1288 2165; x_wconf 80' lang='lat' dir='ltr'>Africam</span> <span class='ocrx_word' id='word_1_153' title='bbox 1313 2124 1390 2182; x_wconf 92' lang='lat' dir='ltr'>por·</span> <span class='ocrx_word' id='word_1_154' title='bbox 1475 2105 1476 2156; x_wconf 74' lang='lat' dir='ltr'>l</span> 
     </span>
    </p>
   </div>
   <div class='ocr_carea' id='block_1_4' title="bbox 207 2213 1389 2402">
    <p class='ocr_par' dir='ltr' id='par_1_5' title="bbox 207 2213 1389 2402">
     <span class='ocr_line' id='line_1_18' title="bbox 207 2213 1389 2294; baseline -0.004 -17"><span class='ocrx_word' id='word_1_155' title='bbox 207 2227 284 2285; x_wconf 73' lang='lat' dir='ltr'>tare:</span> <span class='ocrx_word' id='word_1_156' title='bbox 315 2234 350 2276; x_wconf 88' lang='lat' dir='ltr'>ac</span> <span class='ocrx_word' id='word_1_157' title='bbox 373 2217 465 2274; x_wconf 87' lang='lat' dir='ltr'>statim</span> <span class='ocrx_word' id='word_1_158' title='bbox 487 2217 551 2294; x_wconf 91' lang='lat' dir='ltr'>ipse</span> <span class='ocrx_word' id='word_1_159' title='bbox 573 2215 740 2294; x_wconf 85' lang='lat' dir='ltr'>proiectus,</span> <span class='ocrx_word' id='word_1_160' title='bbox 771 2221 800 2271; x_wconf 95' lang='lat' dir='ltr'>ut</span> <span class='ocrx_word' id='word_1_161' title='bbox 822 2221 888 2271; x_wconf 89' lang='lat' dir='ltr'>ante</span> <span class='ocrx_word' id='word_1_162' title='bbox 913 2215 1043 2289; x_wconf 87' lang='lat' dir='ltr'>comitia,</span> <span class='ocrx_word' id='word_1_163' title='bbox 1074 2214 1151 2293; x_wconf 86' lang='lat' dir='ltr'>quod</span> <span class='ocrx_word' id='word_1_164' title='bbox 1173 2223 1288 2291; x_wconf 87' lang='lat' dir='ltr'>tempus</span> <span class='ocrx_word' id='word_1_165' title='bbox 1306 2213 1389 2273; x_wconf 90' lang='lat' dir='ltr'>haud</span> 
     </span>
     <span class='ocr_line' id='line_1_19' title="bbox 209 2322 1388 2402; baseline -0.003 -17"><span class='ocrx_word' id='word_1_166' title='bbox 209 2327 298 2402; x_wconf 90' lang='lat' dir='ltr'>longe</span> <span class='ocrx_word' id='word_1_167' title='bbox 320 2323 437 2399; x_wconf 86' lang='lat' dir='ltr'>aberat,</span> <span class='ocrx_word' id='word_1_168' title='bbox 467 2326 624 2384; x_wconf 77' lang='lat' dir='ltr'>armis&#39;aut</span> <span class='ocrx_word' id='word_1_169' title='bbox 645 2323 790 2382; x_wconf 90' lang='lat' dir='ltr'>deditione</span> <span class='ocrx_word' id='word_1_170' title='bbox 813 2331 861 2381; x_wconf 86' lang='lat' dir='ltr'>aut</span> <span class='ocrx_word' id='word_1_171' title='bbox 883 2325 988 2401; x_wconf 85' lang='lat' dir='ltr'>quovis</span> <span class='ocrx_word' id='word_1_172' title='bbox 1010 2322 1097 2383; x_wconf 93' lang='lat' dir='ltr'>modo</span> <span class='ocrx_word' id='word_1_173' title='bbox 1125 2322 1233 2382; x_wconf 89' lang='lat' dir='ltr'>bellum</span> <span class='ocrx_word' id='word_1_174' title='bbox 1253 2322 1388 2382; x_wconf 85' lang='lat' dir='ltr'>confice-</span> 
     </span>
    </p>
   </div>
   <div class='ocr_carea' id='block_1_5' title="bbox 208 2432 1475 2520">
    <p class='ocr_par' dir='ltr' id='par_1_6' title="bbox 208 2432 1475 2520">
     <span class='ocr_line' id='line_1_20' title="bbox 208 2432 1475 2520; baseline -0.005 -26"><span class='ocrx_word' id='word_1_175' title='bbox 208 2443 262 2494; x_wconf 89' lang='lat' dir='ltr'>ret.</span> <span class='ocrx_word' id='word_1_176' title='bbox 308 2434 347 2492; x_wconf 83' lang='lat' dir='ltr'>At</span> <span class='ocrx_word' id='word_1_177' title='bbox 371 2441 472 2492; x_wconf 89' lang='lat' dir='ltr'>contra</span> <span class='ocrx_word' id='word_1_178' title='bbox 497 2432 632 2511; x_wconf 87' lang='lat' dir='ltr'>iugurtha</span> <span class='ocrx_word' id='word_1_179' title='bbox 656 2433 773 2492; x_wconf 87' lang='lat' dir='ltr'>trahere</span> <span class='ocrx_word' id='word_1_180' title='bbox 796 2433 907 2509; x_wconf 89' lang='lat' dir='ltr'>omnia,</span> <span class='ocrx_word' id='word_1_181' title='bbox 937 2442 966 2491; x_wconf 88' lang='lat' dir='ltr'>et</span> <span class='ocrx_word' id='word_1_182' title='bbox 987 2433 1075 2510; x_wconf 87' lang='lat' dir='ltr'>alias,</span> <span class='ocrx_word' id='word_1_183' title='bbox 1099 2432 1202 2493; x_wconf 91' lang='lat' dir='ltr'>deinde</span> <span class='ocrx_word' id='word_1_184' title='bbox 1225 2432 1299 2492; x_wconf 90' lang='lat' dir='ltr'>alias</span> <span class='ocrx_word' id='word_1_185' title='bbox 1322 2443 1417 2492; x_wconf 81' lang='lat' dir='ltr'>mo·2</span> <span class='ocrx_word' id='word_1_186' title='bbox 1474 2445 1475 2520; x_wconf 65' lang='lat'><em>}</em></span> 
     </span>
    </p>
   </div>
   <div class='ocr_carea' id='block_1_6' title="bbox 209 2607 1389 2850">
    <p class='ocr_par' dir='ltr' id='par_1_7' title="bbox 209 2607 1389 2850">
     <span class='ocr_line' id='line_1_21' title="bbox 242 2607 1389 2686; baseline -0.001 -17"><span class='ocrx_word' id='word_1_187' title='bbox 242 2620 355 2670; x_wconf 82' lang='lat' dir='ltr'>indiciam</span> <span class='ocrx_word' id='word_1_188' title='bbox 364 2619 509 2686; x_wconf 83' lang='lat' dir='ltr'>profitetur]</span> <span class='ocrx_word' id='word_1_189' title='bbox 526 2621 544 2671; x_wconf 91' lang='lat' dir='ltr'>i.</span> <span class='ocrx_word' id='word_1_190' title='bbox 559 2636 583 2671; x_wconf 89' lang='lat' dir='ltr'>e.</span> <span class='ocrx_word' id='word_1_191' title='bbox 597 2635 653 2670; x_wconf 90' lang='lat' dir='ltr'>rem</span> <span class='ocrx_word' id='word_1_192' title='bbox 669 2635 774 2671; x_wconf 90' lang='lat' dir='ltr'>omnem</span> <span class='ocrx_word' id='word_1_193' title='bbox 816 2619 953 2669; x_wconf 86' lang='lat' dir='ltr'>Bomilcar</span> <span class='ocrx_word' id='word_1_194' title='bbox 970 2607 1063 2670; x_wconf 88' lang='lat' dir='ltr'>autem</span> <span class='ocrx_word' id='word_1_195' title='bbox 1085 2637 1167 2686; x_wconf 90' lang='lat' dir='ltr'>quum</span> <span class='ocrx_word' id='word_1_196' title='bbox 1190 2622 1218 2670; x_wconf 91' lang='lat' dir='ltr'>in</span> <span class='ocrx_word' id='word_1_197' title='bbox 1241 2619 1315 2684; x_wconf 78' lang='lat' dir='ltr'>regin</span> <span class='ocrx_word' id='word_1_198' title='bbox 1336 2635 1389 2684; x_wconf 90' lang='lat' dir='ltr'>po-</span> 
     </span>
     <span class='ocr_line' id='line_1_22' title="bbox 209 2697 1388 2763; baseline -0.002 -15"><span class='ocrx_word' id='word_1_199' title='bbox 209 2697 296 2763; x_wconf 88' lang='lat' dir='ltr'>aperit</span> <span class='ocrx_word' id='word_1_200' title='bbox 315 2697 472 2762; x_wconf 91' lang='lat' dir='ltr'>edocetque.</span> <span class='ocrx_word' id='word_1_201' title='bbox 643 2703 646 2710; x_wconf 88' lang='grc'><strong>’</strong></span> <span class='ocrx_word' id='word_1_202' title='bbox 816 2700 918 2746; x_wconf 87' lang='lat' dir='ltr'>testate</span> <span class='ocrx_word' id='word_1_203' title='bbox 942 2702 1030 2759; x_wconf 84' lang='lat' dir='ltr'>esset,</span> <span class='ocrx_word' id='word_1_204' title='bbox 1055 2697 1179 2763; x_wconf 74' lang='lat' dir='ltr'>Iugurtha</span> <span class='ocrx_word' id='word_1_205' title='bbox 1200 2699 1254 2760; x_wconf 80' lang='lat' dir='ltr'>ipse</span> <span class='ocrx_word' id='word_1_206' title='bbox 1275 2711 1326 2761; x_wconf 92' lang='lat' dir='ltr'>pro</span> <span class='ocrx_word' id='word_1_207' title='bbox 1355 2713 1388 2746; x_wconf 91' lang='lat' dir='ltr'>eo</span> 
     </span>
     <span class='ocr_line' id='line_1_23' title="bbox 243 2774 1388 2850; baseline -0.009 -15"><span class='ocrx_word' id='word_1_208' title='bbox 243 2786 269 2836; x_wconf 81' lang='grc'>7.</span> <span class='ocrx_word' id='word_1_209' title='bbox 299 2799 335 2832; x_wconf 76' lang='lat' dir='ltr'>ec</span> <span class='ocrx_word' id='word_1_210' title='bbox 353 2800 433 2850; x_wconf 81' lang='lat' dir='ltr'>aequo</span> <span class='ocrx_word' id='word_1_211' title='bbox 456 2780 575 2848; x_wconf 84' lang='lat' dir='ltr'>bonoque]</span> <span class='ocrx_word' id='word_1_212' title='bbox 606 2798 632 2834; x_wconf 84' lang='lat' dir='ltr'>n.</span> <span class='ocrx_word' id='word_1_213' title='bbox 656 2781 691 2831; x_wconf 91' lang='lat' dir='ltr'>ad</span> <span class='ocrx_word' id='word_1_214' title='bbox 712 2778 774 2829; x_wconf 81' lang='lat' dir='ltr'>Cat.</span> <span class='ocrx_word' id='word_1_215' title='bbox 816 2774 900 2825; x_wconf 81' lang='lat' dir='ltr'>vades</span> <span class='ocrx_word' id='word_1_216' title='bbox 921 2790 954 2824; x_wconf 84' lang='lat' dir='ltr'>ex</span> <span class='ocrx_word' id='word_1_217' title='bbox 971 2776 1067 2825; x_wconf 86' lang='lat' dir='ltr'>amicis</span> <span class='ocrx_word' id='word_1_218' title='bbox 1090 2777 1147 2828; x_wconf 89' lang='lat' dir='ltr'>suis</span> <span class='ocrx_word' id='word_1_219' title='bbox 1171 2775 1257 2835; x_wconf 81' lang='lat' dir='ltr'>dedit3</span> <span class='ocrx_word' id='word_1_220' title='bbox 1282 2774 1333 2824; x_wconf 86' lang='lat' dir='ltr'>sed</span> <span class='ocrx_word' id='word_1_221' title='bbox 1354 2776 1388 2826; x_wconf 89' lang='lat' dir='ltr'>de</span> 
     </span>
    </p>
   </div>
   <div class='ocr_carea' id='block_1_7' title="bbox 208 2853 1474 2926">
    <p class='ocr_par' dir='ltr' id='par_1_8' title="bbox 208 2853 1474 2926">
     <span class='ocr_line' id='line_1_24' title="bbox 208 2853 1474 2926; baseline -0.01 -13"><span class='ocrx_word' id='word_1_222' title='bbox 208 2864 239 2926; x_wconf 78' lang='lat' dir='ltr'>ll,</span> <span class='ocrx_word' id='word_1_223' title='bbox 265 2864 288 2912; x_wconf 91' lang='lat' dir='ltr'>l.</span> <span class='ocrx_word' id='word_1_224' title='bbox 310 2887 345 2898; x_wconf 84' lang='lat'><em>-</em></span> <span class='ocrx_word' id='word_1_225' title='bbox 368 2863 410 2912; x_wconf 89' lang='lat' dir='ltr'>De</span> <span class='ocrx_word' id='word_1_226' title='bbox 429 2877 464 2912; x_wconf 78' lang='lat' dir='ltr'>eur</span> <span class='ocrx_word' id='word_1_227' title='bbox 487 2876 579 2926; x_wconf 86' lang='lat' dir='ltr'>praep.</span> <span class='ocrx_word' id='word_1_228' title='bbox 603 2876 631 2912; x_wconf 87' lang='lat' dir='ltr'>v.</span> <span class='ocrx_word' id='word_1_229' title='bbox 656 2860 691 2910; x_wconf 87' lang='lat' dir='ltr'>ad</span> <span class='ocrx_word' id='word_1_230' title='bbox 714 2859 773 2909; x_wconf 85' lang='lat' dir='ltr'>Cat.</span> <span class='ocrx_word' id='word_1_231' title='bbox 816 2867 900 2917; x_wconf 88' lang='lat' dir='ltr'>regno</span> <span class='ocrx_word' id='word_1_232' title='bbox 919 2853 1007 2916; x_wconf 86' lang='lat' dir='ltr'>magis</span> <span class='ocrx_word' id='word_1_233' title='bbox 1025 2869 1105 2917; x_wconf 89' lang='lat' dir='ltr'>quam</span> <span class='ocrx_word' id='word_1_234' title='bbox 1124 2854 1158 2904; x_wconf 86' lang='lat' dir='ltr'>de</span> <span class='ocrx_word' id='word_1_235' title='bbox 1177 2853 1292 2903; x_wconf 86' lang='lat' dir='ltr'>vadibus</span> <span class='ocrx_word' id='word_1_236' title='bbox 1311 2853 1390 2902; x_wconf 88' lang='lat' dir='ltr'>solli·</span> <span class='ocrx_word' id='word_1_237' title='bbox 1473 2873 1474 2900; x_wconf 84' lang='lat' dir='ltr'>t</span> 
     </span>
    </p>
   </div>
   <div class='ocr_carea' id='block_1_8' title="bbox 211 2927 1389 3078">
    <p class='ocr_par' dir='ltr' id='par_1_9' title="bbox 211 2927 1389 3078">
     <span class='ocr_line' id='line_1_25' title="bbox 211 2927 1389 3004; baseline -0.007 -15"><span class='ocrx_word' id='word_1_238' title='bbox 211 2941 256 3004; x_wconf 81' lang='lat'>12,</span> <span class='ocrx_word' id='word_1_239' title='bbox 277 2941 302 2988; x_wconf 84' lang='lat'>2.</span> <span class='ocrx_word' id='word_1_240' title='bbox 821 2931 909 2992; x_wconf 87' lang='lat' dir='ltr'>citus,</span> <span class='ocrx_word' id='word_1_241' title='bbox 933 2930 1086 2981; x_wconf 86' lang='lat' dir='ltr'>Bomilcare</span> <span class='ocrx_word' id='word_1_242' title='bbox 1105 2927 1176 2982; x_wconf 78' lang='lat' dir='ltr'>¹clam</span> <span class='ocrx_word' id='word_1_243' title='bbox 1196 2931 1308 2981; x_wconf 87' lang='lat' dir='ltr'>dimisso</span> <span class='ocrx_word' id='word_1_244' title='bbox 1338 2946 1389 2981; x_wconf 86' lang='lat' dir='ltr'>eos</span> 
     </span>
     <span class='ocr_line' id='line_1_26' title="bbox 242 3007 947 3078; baseline -0.014 -12"><span class='ocrx_word' id='word_1_245' title='bbox 242 3033 321 3066; x_wconf 82' lang='lat' dir='ltr'>eomes</span> <span class='ocrx_word' id='word_1_246' title='bbox 340 3017 394 3064; x_wconf 79' lang='lat' dir='ltr'>eitra</span> <span class='ocrx_word' id='word_1_247' title='bbox 414 3011 481 3078; x_wconf 73' lang='lat' dir='ltr'>eta]</span> <span class='ocrx_word' id='word_1_248' title='bbox 499 3014 642 3078; x_wconf 84' lang='lat' dir='ltr'>Appositio</span> <span class='ocrx_word' id='word_1_249' title='bbox 659 3013 702 3062; x_wconf 90' lang='lat' dir='ltr'>hic</span> <span class='ocrx_word' id='word_1_250' title='bbox 720 3029 774 3062; x_wconf 90' lang='lat' dir='ltr'>non</span> <span class='ocrx_word' id='word_1_251' title='bbox 817 3007 947 3057; x_wconf 89' lang='lat' dir='ltr'>deseruit.</span> 
     </span>
    </p>
   </div>
   <div class='ocr_carea' id='block_1_9' title="bbox 207 3090 1387 3238">
    <p class='ocr_par' dir='ltr' id='par_1_10' title="bbox 207 3090 1387 3238">
     <span class='ocr_line' id='line_1_27' title="bbox 207 3090 1387 3175; baseline -0.017 -31"><span class='ocrx_word' id='word_1_252' title='bbox 207 3099 263 3144; x_wconf 91' lang='lat' dir='ltr'>tam</span> <span class='ocrx_word' id='word_1_253' title='bbox 287 3092 403 3142; x_wconf 89' lang='lat' dir='ltr'>subiecti</span> <span class='ocrx_word' id='word_1_254' title='bbox 422 3095 561 3156; x_wconf 87' lang='lat' dir='ltr'>naturam,</span> <span class='ocrx_word' id='word_1_255' title='bbox 588 3107 669 3157; x_wconf 88' lang='lat' dir='ltr'>qnam</span> <span class='ocrx_word' id='word_1_256' title='bbox 692 3090 776 3140; x_wconf 91' lang='lat' dir='ltr'>ratio·</span> <span class='ocrx_word' id='word_1_257' title='bbox 851 3109 976 3160; x_wconf 47' lang='lat' dir='ltr'><strong>XXXVI·</strong></span> <span class='ocrx_word' id='word_1_258' title='bbox 1003 3112 1025 3160; x_wconf 46' lang='lat' dir='ltr'>l.</span> <span class='ocrx_word' id='word_1_259' title='bbox 1051 3107 1167 3175; x_wconf 58' lang='lat' dir='ltr'>portare]</span> <span class='ocrx_word' id='word_1_260' title='bbox 1195 3108 1308 3172; x_wconf 56' lang='lat' dir='ltr'>Proprie</span> <span class='ocrx_word' id='word_1_261' title='bbox 1330 3106 1387 3157; x_wconf 62' lang='lat' dir='ltr'>hoc</span> 
     </span>
     <span class='ocr_line' id='line_1_28' title="bbox 209 3167 1386 3238; baseline -0.011 11"><span class='ocrx_word' id='word_1_262' title='bbox 209 3187 270 3222; x_wconf 69' lang='lat'>”⁶¹¹¹</span> <span class='ocrx_word' id='word_1_263' title='bbox 295 3168 447 3234; x_wconf 57' lang='lat' dir='ltr'>medicati</span> <span class='ocrx_word' id='word_1_264' title='bbox 476 3183 550 3218; x_wconf 56' lang='grc' dir='ltr'>Μ’</span> <span class='ocrx_word' id='word_1_265' title='bbox 567 3170 689 3219; x_wconf 63' lang='lat' dir='ltr'>⁸¹¹bi⁸⁰t⁰</span> <span class='ocrx_word' id='word_1_266' title='bbox 715 3167 776 3217; x_wconf 67' lang='lat' dir='ltr'>illu·</span> <span class='ocrx_word' id='word_1_267' title='bbox 819 3186 919 3237; x_wconf 90' lang='lat' dir='ltr'>dicitur</span> <span class='ocrx_word' id='word_1_268' title='bbox 938 3188 971 3238; x_wconf 90' lang='lat' dir='ltr'>de</span> <span class='ocrx_word' id='word_1_269' title='bbox 990 3189 1114 3238; x_wconf 89' lang='lat' dir='ltr'>omuibus</span> <span class='ocrx_word' id='word_1_270' title='bbox 1133 3189 1214 3238; x_wconf 88' lang='lat' dir='ltr'>rebus</span> <span class='ocrx_word' id='word_1_271' title='bbox 1232 3187 1267 3236; x_wconf 89' lang='lat' dir='ltr'>ad</span> <span class='ocrx_word' id='word_1_272' title='bbox 1280 3186 1386 3237; x_wconf 90' lang='lat' dir='ltr'>bellum</span> 
     </span>
    </p>
   </div>
   <div class='ocr_carea' id='block_1_10' title="bbox 209 3246 1385 3316">
    <p class='ocr_par' dir='ltr' id='par_1_11' title="bbox 209 3246 1385 3316">
     <span class='ocr_line' id='line_1_29' title="bbox 209 3246 1385 3316; baseline 0.003 -3"><span class='ocrx_word' id='word_1_273' title='bbox 209 3252 290 3297; x_wconf 53' lang='lat' dir='ltr'>“ral-</span> <span class='ocrx_word' id='word_1_274' title='bbox 328 3246 430 3296; x_wconf 73' lang='lat' dir='ltr'>S⁰¹¹⁸¹¹⁸</span> <span class='ocrx_word' id='word_1_275' title='bbox 453 3249 508 3293; x_wconf 61' lang='lat'>0⁵⁸²</span> <span class='ocrx_word' id='word_1_276' title='bbox 531 3253 616 3307; x_wconf 62' lang='lat' dir='ltr'>²2²P⁰l⁸</span> <span class='ocrx_word' id='word_1_277' title='bbox 635 3249 677 3310; x_wconf 64' lang='lat' dir='ltr'>lui</span> <span class='ocrx_word' id='word_1_278' title='bbox 695 3261 775 3296; x_wconf 70' lang='lat'>⁶⁰⁷7²0⁸</span> <span class='ocrx_word' id='word_1_279' title='bbox 818 3266 981 3316; x_wconf 86' lang='lat' dir='ltr'>necessariis</span> <span class='ocrx_word' id='word_1_280' title='bbox 1006 3266 1034 3315; x_wconf 91' lang='lat' dir='ltr'>in</span> <span class='ocrx_word' id='word_1_281' title='bbox 1061 3266 1152 3316; x_wconf 88' lang='lat' dir='ltr'>sedern</span> <span class='ocrx_word' id='word_1_282' title='bbox 1175 3264 1240 3316; x_wconf 88' lang='lat' dir='ltr'>belli</span> <span class='ocrx_word' id='word_1_283' title='bbox 1262 3266 1385 3316; x_wconf 82' lang='lat' dir='ltr'>transfe-</span> 
     </span>
    </p>
   </div>
   <div class='ocr_carea' id='block_1_11' title="bbox 209 3320 1384 3482">
    <p class='ocr_par' dir='ltr' id='par_1_12' title="bbox 209 3320 1384 3482">
     <span class='ocr_line' id='line_1_30' title="bbox 210 3320 1384 3406; baseline 0.011 -34"><span class='ocrx_word' id='word_1_284' title='bbox 210 3331 284 3372; x_wconf 82' lang='lat' dir='ltr'>esset.</span> <span class='ocrx_word' id='word_1_285' title='bbox 321 3322 404 3370; x_wconf 82' lang='lat' dir='ltr'>Fides</span> <span class='ocrx_word' id='word_1_286' title='bbox 432 3320 542 3384; x_wconf 91' lang='lat' dir='ltr'>publica</span> <span class='ocrx_word' id='word_1_287' title='bbox 569 3322 654 3386; x_wconf 81' lang='lat' dir='ltr'>enim,</span> <span class='ocrx_word' id='word_1_288' title='bbox 680 3322 776 3387; x_wconf 87' lang='lat' dir='ltr'>Iugur·</span> <span class='ocrx_word' id='word_1_289' title='bbox 817 3341 924 3403; x_wconf 49' lang='lat' dir='ltr'>rendi„</span> <span class='ocrx_word' id='word_1_290' title='bbox 951 3343 987 3393; x_wconf 58' lang='lat' dir='ltr'>cf,</span> <span class='ocrx_word' id='word_1_291' title='bbox 1013 3342 1075 3394; x_wconf 61' lang='lat' dir='ltr'>(pat,</span> <span class='ocrx_word' id='word_1_292' title='bbox 1099 3343 1129 3406; x_wconf 52' lang='lat'>(5,</span> <span class='ocrx_word' id='word_1_293' title='bbox 1151 3344 1178 3394; x_wconf 68' lang='lat'>5,</span> <span class='ocrx_word' id='word_1_294' title='bbox 1204 3343 1266 3406; x_wconf 73' lang='lat' dir='ltr'>Ing,</span> <span class='ocrx_word' id='word_1_295' title='bbox 1285 3342 1334 3405; x_wconf 71' lang='lat'>39,</span> <span class='ocrx_word' id='word_1_296' title='bbox 1355 3347 1384 3396; x_wconf 77' lang='grc'>4,</span> 
     </span>
     <span class='ocr_line' id='line_1_31' title="bbox 209 3399 929 3482; baseline 0.008 -33"><span class='ocrx_word' id='word_1_297' title='bbox 209 3401 273 3449; x_wconf 85' lang='lat' dir='ltr'>thoe</span> <span class='ocrx_word' id='word_1_298' title='bbox 305 3399 384 3458; x_wconf 87' lang='lat' dir='ltr'>data,</span> <span class='ocrx_word' id='word_1_299' title='bbox 418 3399 501 3447; x_wconf 89' lang='lat' dir='ltr'>etiam</span> <span class='ocrx_word' id='word_1_300' title='bbox 538 3399 596 3449; x_wconf 87' lang='lat' dir='ltr'>eins</span> <span class='ocrx_word' id='word_1_301' title='bbox 631 3401 775 3450; x_wconf 85' lang='lat' dir='ltr'>comitibus</span> <span class='ocrx_word' id='word_1_302' title='bbox 820 3420 883 3482; x_wconf 59' lang='lat'>104,</span> <span class='ocrx_word' id='word_1_303' title='bbox 904 3419 929 3471; x_wconf 62' lang='lat'>3,</span> 
     </span>
    </p>
   </div>
   <div class='ocr_carea' id='block_1_12' title="bbox 210 3473 1386 3624">
    <p class='ocr_par' dir='ltr' id='par_1_13' title="bbox 210 3473 1386 3624">
     <span class='ocr_line' id='line_1_32' title="bbox 210 3473 1140 3541; baseline -0.033 -14"><span class='ocrx_word' id='word_1_304' title='bbox 210 3476 376 3541; x_wconf 84' lang='lat' dir='ltr'>praestanda</span> <span class='ocrx_word' id='word_1_305' title='bbox 394 3473 456 3524; x_wconf 87' lang='lat' dir='ltr'>fuit.</span> <span class='ocrx_word' id='word_1_306' title='bbox 1117 3527 1140 3538; x_wconf 92' lang='lat'>..</span> 
     </span>
     <span class='ocr_line' id='line_1_33' title="bbox 244 3522 1386 3624; baseline -0.025 -14"><span class='ocrx_word' id='word_1_307' title='bbox 244 3561 269 3610; x_wconf 82' lang='lat'>8.</span> <span class='ocrx_word' id='word_1_308' title='bbox 294 3561 442 3622; x_wconf 79' lang='lat' dir='ltr'>manifestas</span> <span class='ocrx_word' id='word_1_309' title='bbox 464 3563 528 3609; x_wconf 83' lang='lat' dir='ltr'>tanti</span> <span class='ocrx_word' id='word_1_310' title='bbox 549 3559 664 3624; x_wconf 83' lang='lat' dir='ltr'>sceleris]</span> <span class='ocrx_word' id='word_1_311' title='bbox 690 3577 716 3610; x_wconf 90' lang='lat' dir='ltr'>v.</span> <span class='ocrx_word' id='word_1_312' title='bbox 741 3562 775 3611; x_wconf 85' lang='lat' dir='ltr'>ad</span> <span class='ocrx_word' id='word_1_313' title='bbox 853 3524 920 3586; x_wconf 70' lang='lat' dir='ltr'>q²⁴⁰d</span> <span class='ocrx_word' id='word_1_314' title='bbox 934 3522 1038 3589; x_wconf 48' lang='lat' dir='ltr'>impuri]</span> <span class='ocrx_word' id='word_1_315' title='bbox 1055 3522 1386 3575; x_wconf 62' lang='lat' dir='ltr'>0⁰m¹²¹⁰⁷lmlv⁰0³b¹1h¹m</span> 
     </span>
    </p>
   </div>
   <div class='ocr_carea' id='block_1_13' title="bbox 210 3601 1387 3744">
    <p class='ocr_par' dir='ltr' id='par_1_14' title="bbox 210 3601 1387 3744">
     <span class='ocr_line' id='line_1_34' title="bbox 210 3601 1387 3699; baseline -0.031 -13"><span class='ocrx_word' id='word_1_316' title='bbox 210 3636 271 3688; x_wconf 81' lang='lat' dir='ltr'>cat.</span> <span class='ocrx_word' id='word_1_317' title='bbox 291 3638 339 3699; x_wconf 83' lang='lat'>52,</span> <span class='ocrx_word' id='word_1_318' title='bbox 358 3634 401 3687; x_wconf 83' lang='lat'>36.</span> <span class='ocrx_word' id='word_1_319' title='bbox 821 3617 903 3666; x_wconf 83' lang='lat' dir='ltr'>quum</span> <span class='ocrx_word' id='word_1_320' title='bbox 918 3603 1048 3668; x_wconf 88' lang='lat' dir='ltr'>temporis</span> <span class='ocrx_word' id='word_1_321' title='bbox 1061 3603 1199 3653; x_wconf 88' lang='lat' dir='ltr'>notionem</span> <span class='ocrx_word' id='word_1_322' title='bbox 1212 3601 1323 3663; x_wconf 87' lang='lat' dir='ltr'>habeat,</span> <span class='ocrx_word' id='word_1_323' title='bbox 1341 3617 1387 3651; x_wconf 89' lang='lat' dir='ltr'>re-</span> 
     </span>
     <span class='ocr_line' id='line_1_35' title="bbox 818 3678 1386 3744; baseline -0.002 -16"><span class='ocrx_word' id='word_1_324' title='bbox 818 3678 935 3729; x_wconf 89' lang='lat' dir='ltr'>lativum</span> <span class='ocrx_word' id='word_1_325' title='bbox 952 3695 984 3730; x_wconf 91' lang='lat' dir='ltr'>eo</span> <span class='ocrx_word' id='word_1_326' title='bbox 1001 3679 1139 3744; x_wconf 86' lang='lat' dir='ltr'>pertinens</span> <span class='ocrx_word' id='word_1_327' title='bbox 1158 3679 1323 3728; x_wconf 81' lang='lat' dir='ltr'>attractione</span> <span class='ocrx_word' id='word_1_328' title='bbox 1341 3694 1386 3728; x_wconf 90' lang='lat' dir='ltr'>se·</span> 
     </span>
    </p>
   </div>
   <div class='ocr_carea' id='block_1_14' title="bbox 211 3755 1384 3895">
    <p class='ocr_par' dir='ltr' id='par_1_15' title="bbox 211 3755 1384 3895">
     <span class='ocr_line' id='line_1_36' title="bbox 211 3755 1384 3895; baseline -0.023 -46"><span class='ocrx_word' id='word_1_329' title='bbox 211 3799 297 3850; x_wconf 85' lang='lat' dir='ltr'>luisse</span> <span class='ocrx_word' id='word_1_330' title='bbox 316 3802 438 3851; x_wconf 86' lang='lat' dir='ltr'>actiones</span> <span class='ocrx_word' id='word_1_331' title='bbox 455 3817 488 3850; x_wconf 84' lang='lat' dir='ltr'>ex</span> <span class='ocrx_word' id='word_1_332' title='bbox 502 3800 592 3863; x_wconf 62' lang='lat' dir='ltr'>putore</span> <span class='ocrx_word' id='word_1_333' title='bbox 613 3814 681 3849; x_wconf 88' lang='lat' dir='ltr'>voce</span> <span class='ocrx_word' id='word_1_334' title='bbox 697 3799 776 3849; x_wconf 84' lang='lat' dir='ltr'>intel.</span> <span class='ocrx_word' id='word_1_335' title='bbox 819 3761 924 3895; x_wconf 45' lang='grc' dir='ltr'>ἓξὲξ</span> <span class='ocrx_word' id='word_1_336' title='bbox 938 3764 1059 3884; x_wconf 51' lang='grc' dir='ltr'><strong><em>ᾘῑρὲςῑ</em></strong></span> <span class='ocrx_word' id='word_1_337' title='bbox 1080 3755 1218 3895; x_wconf 51' lang='grc' dir='ltr'>ἑοέωο</span> <span class='ocrx_word' id='word_1_338' title='bbox 1242 3771 1384 3822; x_wconf 71' lang='lat' dir='ltr'>⁰⁰n¹¹¹¹¹g¹·</span> 
     </span>
    </p>
   </div>
   <div class='ocr_carea' id='block_1_15' title="bbox 206 3877 775 3943">
    <p class='ocr_par' dir='ltr' id='par_1_16' title="bbox 206 3877 775 3943">
     <span class='ocr_line' id='line_1_37' title="bbox 206 3877 775 3943; baseline 0.004 -17"><span class='ocrx_word' id='word_1_339' title='bbox 206 3877 313 3943; x_wconf 84' lang='lat' dir='ltr'>ligitur.</span> <span class='ocrx_word' id='word_1_340' title='bbox 349 3879 404 3929; x_wconf 90' lang='lat' dir='ltr'>Ubi</span> <span class='ocrx_word' id='word_1_341' title='bbox 429 3894 471 3929; x_wconf 87' lang='lat' dir='ltr'>res</span> <span class='ocrx_word' id='word_1_342' title='bbox 501 3893 556 3928; x_wconf 91' lang='lat' dir='ltr'>nou</span> <span class='ocrx_word' id='word_1_343' title='bbox 583 3892 638 3926; x_wconf 91' lang='lat' dir='ltr'>una</span> <span class='ocrx_word' id='word_1_344' title='bbox 667 3877 775 3928; x_wconf 89' lang='lat' dir='ltr'>actione</span> 
     </span>
    </p>
   </div>
   <div class='ocr_carea' id='block_1_16' title="bbox 208 3935 1379 4024">
    <p class='ocr_par' dir='ltr' id='par_1_17' title="bbox 208 3935 1379 4024">
     <span class='ocr_line' id='line_1_38' title="bbox 208 3935 1379 4024; baseline -0.001 -20"><span class='ocrx_word' id='word_1_345' title='bbox 208 3955 417 4019; x_wconf 84' lang='lat' dir='ltr'>absolvebatur,</span> <span class='ocrx_word' id='word_1_346' title='bbox 441 3957 531 4020; x_wconf 88' lang='lat' dir='ltr'>priore</span> <span class='ocrx_word' id='word_1_347' title='bbox 553 3970 653 4004; x_wconf 84' lang='lat' dir='ltr'>caussa</span> <span class='ocrx_word' id='word_1_348' title='bbox 676 3971 776 4020; x_wconf 81' lang='lat' dir='ltr'>coguo-</span> <span class='ocrx_word' id='word_1_349' title='bbox 820 4011 827 4024; x_wconf 48' lang='lat'><strong>·</strong></span> <span class='ocrx_word' id='word_1_350' title='bbox 854 3938 931 3985; x_wconf 54' lang='lat' dir='ltr'>‘²7⁷²&#39;ss</span> <span class='ocrx_word' id='word_1_351' title='bbox 948 3943 993 3984; x_wconf 59' lang='grc' dir='ltr'>(Μ</span> <span class='ocrx_word' id='word_1_352' title='bbox 1008 3935 1189 3986; x_wconf 60' lang='lat' dir='ltr'>dedfil&#39;fflfflm‘t</span> <span class='ocrx_word' id='word_1_353' title='bbox 1200 3936 1286 3998; x_wconf 53' lang='lat' dir='ltr'>WB</span> <span class='ocrx_word' id='word_1_354' title='bbox 1296 3936 1379 4003; x_wconf 60' lang='grc' dir='ltr'>ΜΟ]</span> 
     </span>
    </p>
   </div>
   <div class='ocr_carea' id='block_1_17' title="bbox 209 4012 1382 4170">
    <p class='ocr_par' dir='ltr' id='par_1_18' title="bbox 209 4012 1382 4170">
     <span class='ocr_line' id='line_1_39' title="bbox 209 4012 1381 4098; baseline -0.004 -18"><span class='ocrx_word' id='word_1_355' title='bbox 209 4034 353 4096; x_wconf 87' lang='lat' dir='ltr'>scebatur,</span> <span class='ocrx_word' id='word_1_356' title='bbox 396 4037 481 4083; x_wconf 88' lang='lat' dir='ltr'>testes</span> <span class='ocrx_word' id='word_1_357' title='bbox 524 4033 774 4098; x_wconf 86' lang='lat' dir='ltr'>interrogabantur,</span> <span class='ocrx_word' id='word_1_358' title='bbox 819 4027 838 4061; x_wconf 85' lang='lat'>¹·</span> <span class='ocrx_word' id='word_1_359' title='bbox 858 4026 881 4061; x_wconf 67' lang='grc' dir='ltr'>θ·</span> <span class='ocrx_word' id='word_1_360' title='bbox 901 4012 975 4060; x_wconf 60' lang='lat' dir='ltr'>ium</span> <span class='ocrx_word' id='word_1_361' title='bbox 994 4012 1125 4074; x_wconf 61' lang='lat' dir='ltr'>Vi⁰t⁰¹3³2</span> <span class='ocrx_word' id='word_1_362' title='bbox 1143 4015 1194 4059; x_wconf 65' lang='lat'>³¹¹²</span> <span class='ocrx_word' id='word_1_363' title='bbox 1212 4012 1265 4073; x_wconf 59' lang='lat' dir='ltr'>stili</span> <span class='ocrx_word' id='word_1_364' title='bbox 1288 4015 1319 4072; x_wconf 87' lang='lat' dir='ltr'>ut</span> <span class='ocrx_word' id='word_1_365' title='bbox 1336 4012 1381 4064; x_wconf 86' lang='lat' dir='ltr'>In-</span> 
     </span>
     <span class='ocr_line' id='line_1_40' title="bbox 210 4087 1382 4170; baseline -0.001 -27"><span class='ocrx_word' id='word_1_366' title='bbox 210 4123 285 4159; x_wconf 62' lang='lat' dir='ltr'><strong>reum</strong></span> <span class='ocrx_word' id='word_1_367' title='bbox 311 4115 388 4160; x_wconf 61' lang='lat' dir='ltr'>acto,</span> <span class='ocrx_word' id='word_1_368' title='bbox 411 4109 568 4170; x_wconf 53' lang='lat' dir='ltr'>vadabatur,</span> <span class='ocrx_word' id='word_1_369' title='bbox 600 4110 619 4158; x_wconf 49' lang='lat' dir='ltr'>i·</span> <span class='ocrx_word' id='word_1_370' title='bbox 646 4124 669 4159; x_wconf 47' lang='lat' dir='ltr'>e,</span> <span class='ocrx_word' id='word_1_371' title='bbox 700 4109 775 4160; x_wconf 55' lang='lat' dir='ltr'>iube,</span> <span class='ocrx_word' id='word_1_372' title='bbox 818 4087 917 4152; x_wconf 84' lang='lat' dir='ltr'>gurtha</span> <span class='ocrx_word' id='word_1_373' title='bbox 937 4093 1034 4152; x_wconf 89' lang='lat' dir='ltr'>sponte</span> <span class='ocrx_word' id='word_1_374' title='bbox 1053 4088 1186 4152; x_wconf 88' lang='lat' dir='ltr'>imperata</span> <span class='ocrx_word' id='word_1_375' title='bbox 1204 4088 1314 4150; x_wconf 85' lang='lat' dir='ltr'>laceret,</span> <span class='ocrx_word' id='word_1_376' title='bbox 1333 4098 1382 4142; x_wconf 84' lang='lat' dir='ltr'>ant</span> 
     </span>
    </p>
   </div>
   <div class='ocr_carea' id='block_1_18' title="bbox 130 4164 1379 4407">
    <p class='ocr_par' dir='ltr' id='par_1_19' title="bbox 130 4164 1379 4407">
     <span class='ocr_line' id='line_1_41' title="bbox 208 4164 1378 4251; baseline 0.001 -19"><span class='ocrx_word' id='word_1_377' title='bbox 208 4183 257 4233; x_wconf 89' lang='lat' dir='ltr'>bat</span> <span class='ocrx_word' id='word_1_378' title='bbox 284 4201 344 4234; x_wconf 90' lang='lat' dir='ltr'>eum</span> <span class='ocrx_word' id='word_1_379' title='bbox 372 4185 548 4251; x_wconf 82' lang='lat' dir='ltr'>sponsoribus</span> <span class='ocrx_word' id='word_1_380' title='bbox 576 4187 634 4235; x_wconf 89' lang='lat' dir='ltr'>sive</span> <span class='ocrx_word' id='word_1_381' title='bbox 657 4186 774 4236; x_wconf 87' lang='lat' dir='ltr'>vadibus</span> <span class='ocrx_word' id='word_1_382' title='bbox 817 4165 1022 4216; x_wconf 60' lang='lat' dir='ltr'>⁰⁰¹¹di⁰i⁰¹¹ib¹¹⁸</span> <span class='ocrx_word' id='word_1_383' title='bbox 1056 4170 1083 4216; x_wconf 61' lang='lat' dir='ltr'>et</span> <span class='ocrx_word' id='word_1_384' title='bbox 1113 4170 1196 4229; x_wconf 49' lang='grc' dir='ltr'>ΡΜ)</span> <span class='ocrx_word' id='word_1_385' title='bbox 1233 4164 1286 4229; x_wconf 77' lang='lat' dir='ltr'><strong>(⁰f·</strong></span> <span class='ocrx_word' id='word_1_386' title='bbox 1318 4166 1378 4233; x_wconf 69' lang='lat' dir='ltr'>Iug-</span> 
     </span>
     <span class='ocr_line' id='line_1_42' title="bbox 130 4241 950 4327; baseline 0.004 -19"><span class='ocrx_word' id='word_1_387' title='bbox 130 4287 133 4294; x_wconf 90' lang='lat'>·</span> <span class='ocrx_word' id='word_1_388' title='bbox 209 4260 281 4309; x_wconf 88' lang='lat' dir='ltr'>datis</span> <span class='ocrx_word' id='word_1_389' title='bbox 299 4264 457 4323; x_wconf 88' lang='lat' dir='ltr'>promittere</span> <span class='ocrx_word' id='word_1_390' title='bbox 473 4263 624 4314; x_wconf 88' lang='lat' dir='ltr'>constituto</span> <span class='ocrx_word' id='word_1_391' title='bbox 642 4263 677 4312; x_wconf 88' lang='lat' dir='ltr'>ad</span> <span class='ocrx_word' id='word_1_392' title='bbox 692 4279 774 4327; x_wconf 86' lang='lat' dir='ltr'>agen·</span> <span class='ocrx_word' id='word_1_393' title='bbox 820 4243 882 4306; x_wconf 70' lang='lat'>¹¹²2</span> <span class='ocrx_word' id='word_1_394' title='bbox 905 4241 950 4308; x_wconf 79' lang='grc' dir='ltr'>ι·)·</span> 
     </span>
     <span class='ocr_line' id='line_1_43' title="bbox 208 4335 1379 4407; baseline 0.011 -24"><span class='ocrx_word' id='word_1_395' title='bbox 208 4335 271 4383; x_wconf 86' lang='lat' dir='ltr'>dum</span> <span class='ocrx_word' id='word_1_396' title='bbox 299 4335 342 4384; x_wconf 91' lang='lat' dir='ltr'>die</span> <span class='ocrx_word' id='word_1_397' title='bbox 369 4338 398 4385; x_wconf 90' lang='lat' dir='ltr'>in</span> <span class='ocrx_word' id='word_1_398' title='bbox 424 4338 526 4387; x_wconf 89' lang='lat' dir='ltr'>iudicio</span> <span class='ocrx_word' id='word_1_399' title='bbox 556 4353 585 4388; x_wconf 87' lang='lat' dir='ltr'>se</span> <span class='ocrx_word' id='word_1_400' title='bbox 615 4339 772 4388; x_wconf 83' lang='lat' dir='ltr'>affuturum.</span> <span class='ocrx_word' id='word_1_401' title='bbox 851 4341 876 4392; x_wconf 87' lang='lat'>3.</span> <span class='ocrx_word' id='word_1_402' title='bbox 906 4340 964 4406; x_wconf 83' lang='lat' dir='ltr'>turn]</span> <span class='ocrx_word' id='word_1_403' title='bbox 1002 4343 1079 4392; x_wconf 84' lang='lat' dir='ltr'>Haec</span> <span class='ocrx_word' id='word_1_404' title='bbox 1101 4342 1238 4406; x_wconf 85' lang='lat' dir='ltr'>particula</span> <span class='ocrx_word' id='word_1_405' title='bbox 1261 4345 1379 4407; x_wconf 88' lang='lat' dir='ltr'>pertinet</span> 
     </span>
    </p>
   </div>
   <div class='ocr_carea' id='block_1_19' title="bbox 201 3717 774 3785">
    <p class='ocr_par' dir='ltr' id='par_1_20' title="bbox 201 3717 774 3785">
     <span class='ocr_line' id='line_1_44' title="bbox 201 3717 774 3785; baseline -0.002 -12"><span class='ocrx_word' id='word_1_406' title='bbox 201 3763 210 3782; x_wconf 85' lang='grc'>,</span> <span class='ocrx_word' id='word_1_407' title='bbox 243 3722 269 3773; x_wconf 85' lang='grc'>9.</span> <span class='ocrx_word' id='word_1_408' title='bbox 298 3727 323 3774; x_wconf 81' lang='lat' dir='ltr'>in</span> <span class='ocrx_word' id='word_1_409' title='bbox 354 3727 442 3785; x_wconf 70' lang='lat' dir='ltr'>priore</span> <span class='ocrx_word' id='word_1_410' title='bbox 471 3721 569 3772; x_wconf 73' lang='lat' dir='ltr'>araone</span> <span class='ocrx_word' id='word_1_411' title='bbox 600 3717 665 3784; x_wconf 81' lang='lat' dir='ltr'>etc]</span> <span class='ocrx_word' id='word_1_412' title='bbox 698 3722 774 3772; x_wconf 88' lang='lat' dir='ltr'>Duas</span> 
     </span>
    </p>
   </div>
   <div class='ocr_carea' id='block_1_20' title="bbox 0 0 1522 4852">
    <p class='ocr_par' dir='ltr' id='par_1_21' title="bbox 0 0 1522 4852">
     <span class='ocr_line' id='line_1_45' title="bbox 0 0 1522 4852; baseline 0 0"><span class='ocrx_word' id='word_1_413' title='bbox 0 0 1522 4852; x_wconf 95' lang='lat' dir='ltr'> </span> 
     </span>
    </p>
   </div>
  </div>
 </body>
</html>
