3024 4852
457 363 466 379 ,
497 323 828 373 russorumque
853 323 924 370 xvr.
1236 305 1296 370 143

20 529 21 540 .
121 479 181 540 hus
203 481 311 542 bonum
334 493 363 543 et
387 500 510 561 aequum
535 481 642 541 divitiis
665 481 760 540 carius
781 489 859 556 erat,
890 467 1116 539 subveniundum
1140 475 1299 537 Adherbali

19 629 21 662 r
87 600 154 651 tet
177 592 354 672 Hiempsalis
377 603 499 654 mortem
522 610 628 652 severe
651 588 851 651 vindicandam
875 590 1048 661 censebant;
1073 587 1125 649 sed
1148 605 1186 646 ex
1207 586 1298 646 omni·

19 759 20 764 ,
121 701 180 762 hus
208 720 340 764 maxume
367 703 508 766 Aemilius
536 703 680 779 Scaurus,
711 701 798 762 homo
826 699 948 779 nobilis,
977 701 1117 779 impiger,
1146 698 1297 774 factiosus,

19 851 21 884 ,
120 813 226 872 avidus
250 816 413 893 potentiae,
435 814 571 892 honoris,
595 813 774 888 divitiarum,
804 821 932 872 ceterum
954 811 1021 870 vitia
1047 828 1096 870 sua
1120 807 1225 869 callide
1248 827 1298 868 oc·

92 922 248 983 5cultans.
293 925 322 984 ls
347 933 503 1005 postquam
522 923 603 983 videt
622 924 704 1000 regis
725 923 909 1000 largitionem
931 923 1070 983 famosam
1093 919 1298 1000 impudentem·
1378 981 1384 996 .

19 1075 20 1088 ι
122 1052 198 1112 que,
228 1037 353 1114 veritus,
385 1034 463 1114 quod
486 1035 514 1094 in
542 1029 593 1092 tali
620 1051 653 1092 re
682 1033 777 1110 solet,
814 1051 850 1092 ne
880 1032 991 1112 polluta
1017 1031 1133 1092 licentia
1166 1029 1299 1090 invidiam

121 1145 321 1223 accenderet,
345 1147 469 1206 animum
492 1161 508 1202 a
528 1150 667 1204 consueta
688 1141 816 1203 lubidine
837 1143 986 1204 continuit.

211 1256 291 1316 XVl.
310 1254 316 1266 ‘
336 1256 414 1317 Vicit
438 1263 534 1314 tamen
556 1253 585 1311 in
609 1263 709 1314 senatu
732 1269 801 1332 pars
824 1252 890 1331 illa,
921 1272 996 1332 quae
1016 1271 1087 1313 vero
1108 1253 1230 1339 pretium
1252 1259 1300 1311 aut

96 1367 249 1442 agrariam
272 1364 464 1426 anteferebat.
508 1364 665 1424 Decretum
688 1365 735 1440 lit,
761 1368 799 1424 uti
822 1365 925 1424 decem
947 1363 1037 1441 legati
1060 1339 1197 1441 regnum,
1221 1362 1299 1441 quod

122 1476 249 1555 Micipsa
274 1475 454 1553 obtinuerat,
481 1477 564 1536 inter'
576 1473 742 1552 Iugurtham
766 1484 794 1534 et
816 1474 1012 1535 Adherbalem
1036 1473 1207 1534 dividerent.
1229 1473 1300 1544 ¹Cu·

19 1641 20 1674 ,
124 1588 170 1646 ius
196 1586 353 1664 legationis
374 1589 514 1667 princeps
538 1586 590 1645 fuit
611 1584 642 1644 h.
666 1584 811 1662 Opimius,
839 1585 926 1646 horno
942 1569 1045 1645 ¹clarus
1069 1594 1097 1644 et
1123 1594 1181 1644 turn
1205 1587 1234 1644 in
1255 1603 1299 1644 se·

19 1757 20 1784 ,
126 1706 193 1758 natu
221 1707 341 1777 potens,
374 1699 438 1777 quia
462 1696 581 1773 consul,
615 1692 647 1754 (i.
672 1693 806 1755 Graccho
837 1703 866 1754 et
886 1695 924 1756 ll.
947 1695 1051 1755 Fulvio
1074 1695 1184 1756 Flacco
1214 1697 1300 1755 inter·

19 1867 20 1894 ,
96 1808 229 1885 3fectis,
262 1825 414 1874 acerrume
442 1807 593 1868 victoriam
620 1805 777 1866 nobilitatis
805 1805 833 1864 in
857 1804 973 1882 plebem
1001 1815 1184 1866 exercuerat.
1228 1805 1301 1866 Eum

19 1971 20 1982 .
124 1918 262 1995 iugurtha
282 1919 395 1978 tametsi
412 1918 525 1978 Rornae
546 1918 573 1975 in
593 1915 720 1974 inimicis.
736 1913 889 1992 habuerat,
908 1924 1011 1974 tamen·
1021 1917 1237 1976 accuratissime
1256 1933 1301 1982 re·

19 2081 21 2120 I
127 2029 221 2107 cepit;
243 2028 337 2088 dando
358 2036 387 2086 et
405 2025 595 2106 pollicitando
613 2025 700 2086 multa
719 2025 861 2104 perfecit,
882 2025 920 2083 uti
938 2024 1045 2102 famae,
1066 2025 1137 2102 tte,
1151 2035 1301 2104 postremo

19 2195 20 2204 ,
97 2137 261 2198 4οιιιιι11ιιιε
293 2140 353 2198 suis
375 2135 464 2198 rebus
488 2136 669 2198 commodum
689 2136 775 2213 'regis
803 2135 972 2195 anteferret.
1017 2135 1161 2214 Reliquos
1184 2137 1302 2214 legatos

19 2309 20 2312 ,
129 2247 230 2307 eadem
260 2249 304 2309 vis
334 2265 511 2325 aggressus,
542 2248 703 2326 plerosque
736 2246 830 2324 oapit;
862 2246 964 2324 paucis
993 2247 1089 2307 carior
1116 2247 1190 2307 fides
1217 2266 1301 2326 quarn

100 2359 254 2436 specunia
276 2359 339 2418 fuit.
378 2360 415 2420 ln
438 2360 595 2436 divisione,
624 2375 697 2436 quae
726 2351 795 2436 pars
816 2354 966 2417 Numidiae
990 2357 1196 2420 Mauretaniam
1221 2361 1321 2439 attin-s

129 2468 188 2545 git,
212 2487 285 2545 agro
307 2470 438 2549 virisque
461 2469 644 2550 opulentior,
667 2469 822 2547 iugurthae
843 2467 978 2537 traditur;
999 2468 1077 2528 illam
1096 2469 1215 2530 alteram
1235 2487 1301 2548 spe·

130 2579 174 2636 cie
201 2597 285 2657 quam
310 2599 364 2639 usu
387 2583 548 2658 potiorem,
580 2597 655 2659 quae
678 2581 849 2658 portuosior
879 2587 907 2637 et
933 2579 1075 2639 aediliciis
1091 2583 1195 2658 ¹magis
1218 2600 1303 2642 exor-

19 2767 20 2774 .
129 2696 193 2748 nata
218 2699 297 2766 erat,
321 2688 471 2751 Adherbal
496 2689 637 2770 possedit.

129 2877 256 2937 corrupti;
274 2876 309 2924 cf.
328 2891 351 2926 c.
373 2875 417 2940 13,
437 2877 462 2927 8.
490 2876 594 2938 Ceteri,
609 2876 697 2940 gratia
773 2873 798 2922 2.
819 2873 887 2937 quod
905 2899 940 2909 -
957 2873 1106 2940 obtinuerat]
1136 2892 1163 2928 v.
1188 2877 1222 2927 ad
1241 2878 1303 2930 Cat.

132 2952 278 3013 depravati,
307 2956 370 3002 sunt
395 2953 429 3016 ii,
458 2955 505 3018 qui
532 2954 697 3004 auctoritate
740 2951 789 3011 14,
808 2951 834 2998 7.

132 3026 267 3076 fautorum
284 3028 434 3092 Iugurthae
449 3031 565 3094 permoti
579 3029 621 3078 his
640 3029 697 3093 pla·
773 3027 806 3075 L.
826 3024 946 3092 Opimius]
965 3024 1065 3077 Consul
1083 3029 1136 3078 fuit
1151 3045 1177 3082 a.
1198 3031 1256 3083 121.
1276 3048 1302 3084 a.

134 3118 193 3152 cers
211 3104 373 3166 studebant;
394 3105 430 3154 cf.
455 3123 479 3156 c.
505 3105 552 3168 16,
577 3107 602 3156 1.
631 3107 699 3156 Vicit
739 3102 802 3154 Chr.
821 3119 847 3152 n.

128 3195 194 3244 pars
213 3182 272 3240 iila,
290 3179 362 3246 petae
374 3198 433 3234 cero
449 3187 556 3248 pretium
574 3191 619 3232 aut
632 3199 695 3247 pra-
774 3181 801 3232 0.
822 3180 935 3230 Graccho
952 3179 1015 3248 etc]
1033 3198 1059 3234 v.
1077 3185 1137 3250 lug.
1156 3185 1199 3250 31,
1213 3187 1238 3238 t.
1259 3190 1303 3251 te,

134 3265 190 3312 tiam
208 3261 377 3324 anteferebat.
741 3257 755 3307 1
777 3273 837 3322 sqq.
1291 3251 1293 3260 ¹

167 3341 191 3399 ’3.
208 3348 295 3399 tonum
305 3356 329 3399 et
342 3346 456 3414 acquum]
468 3365 494 3400 v.
510 3349 545 3399 ad
560 3348 619 3399 (iat.
632 3347 657 3411 9,
672 3349 694 3397 l.
774 3332 938 3401 emnerii]
958 3353 985 3391 V·
1006 3337 1042 3388 sd
1060 3336 1120 3402 Gai·
1140 3339 1189 3406 38,
1208 3346 1233 3394 4·

166 3438 190 3485 4.
210 3434 299 3485 nemer.
320 3434 443 3502 ‚seaump
470 3435 572 3486 consur
597 3434 650 3485 rurs
669 3435 695 3484 a.
773 3421 799 3476 3-
814 3421 878 3488 fidel
897 3423 1043 3489 Antistia
1055 3423 1142 3478 dativi
1155 3429 1242 3481 forma
1254 3449 1304 3506 pro

133 3515 190 3566 lib.
210 3530 235 3564 a.
255 3513 318 3566 Chr.
339 3514 608 3577 n.,censora.106.
628 3514 696 3564 Inde
734 3503 809 3562 fideii
828 3501 864 3554 fif·
886 3502 946 3567 1¹¹ss-
968 3503 1014 3566 74,
1034 3503 1060 3572 ,l-

133 3607 149 3640 a
166 3590 308 3642 consulatu
326 3593 451 3658 princeps
467 3597 578 3666 senatus
592 3608 696 3658 semper
772 3587 798 3637 5.
817 3585 891 3652 agro]
907 3588 1076 3654 Praegnanti
1090 3605 1172 3641 sensu
1185 3595 1227 3644 est
1241 3609 1305 3660 agro

133 3667 282 3719 nobilitatis
301 3671 419 3735 partium
442 3675 629 3736 propugnator
652 3687 697 3720 ex·
735 3666 826 3728 fertili.
1070 3661 1072 3668 '

135 3745 212 3798 stitit.
347 3758 350 3767 “
770 3755 839 3803 ittam
851 3752 967 3818 aiteram]
987 3754 1042 3804 Ubi
1057 3771 1090 3804 ex
1102 3755 1216 3820 duobus,
1234 3773 1304 3823 quas

157 3829 191 3883 ’5.
208 3831 306 3895 pollata
332 3829 444 3896 licentia]
472 3835 595 3882 Pollutum
614 3846 695 3897 quum
737 3830 954 3896 distinguuntur,
979 3833 1084 3880 alterum
1106 3833 1161 3880 iam
1179 3849 1212 3883 ex
1229 3851 1306 3899 pras-

132 3909 227 3960 latiore
249 3923 330 3959 sensu
357 3910 463 3959 dicetur
488 3909 620 3974 quicquid·
642 3909 698 3959 foe·
738 3909 896 3959 cedentibus
920 3909 1060 3972 cognitum
1088 3914 1143 3976 est,
1168 3912 1304 3962 interdum
1368 3934 1384 3964 a
1492 3917 1493 3956 i

136 3986 194 4036 dnm
213 4003 246 4037 ac
261 3986 424 4036 detestabile
441 3985 571 4049 habetur,
591 3991 697 4036 senten·
738 3989 780 4036 itte
799 3985 922 4046 additum
948 3985 984 4036 cf.
1004 3985 1065 4050 Iag.
1091 3987 1132 4049 13,
1162 3990 1183 4040 i.
1204 3988 1303 4053 73‚·t.

135 4065 173 4113 tia
191 4068 246 4114 est:
261 4063 379 4126 verbus,
399 4078 433 4112 ne
445 4062 601 4112 detestabili
613 4063 698 4112 licen·
739 4064 795 4114 Cic.
816 4065 844 4114 in
862 4063 943 4114 Catil.
962 4063 1014 4126 IV,
1034 4065 1063 4126 5,
1082 4064 1107 4115 9.

30 4169 34 4191 2
135 4141 173 4189 tia
187 4156 253 4191 usas
272 4140 403 4190 invidiam
422 4137 475 4189 sibi
493 4139 633 4193 conflaret.
772 4147 895 4214 poggedtt]
915 4150 967 4200 per
985 4150 1123 4215 prolepsin
1141 4150 1242 4201 dictum
1259 4166 1305 4202 vg.

168 4226 240 4277 XVI.
267 4227 292 4278 1.
318 4224 391 4290 cero]
416 4226 435 4276 i.
461 4242 484 4275 e.
507 4227 594 4288 bono,
612 4233 697 4289 recto,
739 4227 778 4278 let
801 4229 920 4282 diutione
940 4228 1014 4292 facta
1030 4229 1134 4278 obducit
1155 4231 1230 4278 etita
1245 4245 1306 4294 pos-

134 4302 302 4367 incorrupt03
322 4305 358 4355 cf.
378 4305 439 4368 Iug.
458 4301 501 4366 30,
520 4305 546 4354 24
564 4301 637 4354 Hist.
650 4305 697 4354 Fr.
739 4305 818 4363 cedia·
830 4305 867 4355 cf.
877 4305 937 4371 Ing.
953 4307 994 4370 18,
1009 4306 1048 4357 11.
1059 4307 1305 4370 ubiposeedereest

136 4377 163 4443 Ι,
182 4378 240 4432 108,
740 4395 896 4448 occupavere
913 4397 945 4433 ac
963 4385 1055 4436 deinde
1070 4383 1189 4438 habuere.
1212 4387 1258 4446 ts,
1278 4387 1303 4439 3.
