3092 4850
177 297 240 358 260
580 309 610 356 o.
634 309 804 356 snunusrr
823 309 935 357 eomer

177 462 298 542 plebes,
327 462 434 543 praeda
466 463 560 524 civilis
582 463 795 544 acerbissuma‚
824 465 868 525 ius
890 465 1082 544 iudiciumque
1108 465 1232 524 omnium
1255 482 1353 523 rerum

177 592 272 653 penes
290 591 340 651 se,
363 574 442 651 quod
465 576 567 655 populi
590 577 713 638 Romani
734 577 796 637 iuit.
841 579 923 654 Quae
945 578 970 636 si
992 575 1076 636 vobis
1097 593 1155 655 pax
1178 583 1208 634 et
1231 591 1352 653 compo·
1363 587 1401 636 25

178 686 232 745 sita
255 684 482 764 intelleguntur,
504 705 635 750 maxuma
659 687 837 749 turbamenta
859 688 1041 768 reipublicae
1063 696 1150 765 atque
1174 686 1262 746 exitia
1284 701 1354 765 pro·

179 794 259 874 bate,
282 799 398 858 annuite
420 796 537 876 legibus
559 799 717 880 impositis,
740 801 867 879 accipite
891 803 978 860 otium
1001 820 1065 862 cum
1090 796 1222 874 servitio,
1246 805 1275 854 et
1295 804 1353 855 tra·

179 908 237 968 dite
260 909 426 989 exemplum
454 911 583 990 posteris
605 911 641 972 ad
671 910 880 990 rempublicam
908 912 1012 972 suimet
1040 911 1188 988 sauguinis
1214 907 1354 969 mercede

180 1020 472 1082 circumveniendam.
509 1021 593 1099 lllilri,
616 1040 788 1100 quamquam
809 1016 869 1100 per¹
883 1022 940 1082 lroc
959 1041 1097 1083 summum
1115 1022 1266 1100 imperium
1282 1021 1398 1082 satis26

180 1134 342 1208 quaesitum
361 1141 424 1191 erat
441 1133 548 1192 nomini
569 1133 723 1211 maiorum,
746 1133 891 1212 dignitati,
912 1142 999 1212 atque
1023 1134 1108 1193 etiarn
1131 1131 1289 1213 praesidio,
1310 1141 1350 1191 ta·

179 1260 245 1301 meu
267 1260 326 1302 nou
348 1241 401 1302 luit
418 1243 570 1303 eonsilium
588 1241 715 1321 privatas
737 1259 812 1322 opes
832 1244 950 1323 lacere,
971 1243 1125 1324 potiorque
1149 1245 1210 1304 visa
1233 1253 1278 1303 est
1300 1261 1350 1323 pe·

178 1351 308 1412 riculosa
335 1350 456 1412 libertas
480 1356 577 1431 quieto
600 1354 731 1414 servitio.
777 1354 858 1428 Quae
882 1356 906 1414 si
930 1355 1079 1434 probatis,
1108 1354 1227 1431 adeste,
1257 1352 1397 1429 Quiri-27

179 1469 241 1539 tes,
265 1470 294 1521 et
312 1459 388 1520 bene
407 1461 569 1522 iuvantibus
589 1463 662 1524 divis
682 1463 720 1524 Μ.
737 1461 890 1524 Aemilium
909 1465 1058 1526 consulem
1077 1465 1181 1524 ducem
1204 1472 1233 1524 et
1253 1470 1349 1523 aucto·

178 1587 240 1628 rem
263 1571 416 1649 sequimini
438 1571 474 1632 ad
496 1573 694 1652 recipiundam
716 1573 895 1635 libertatem!

265 1682 317 1743 50.
341 1681 563 1761 Tyrannumque
585 1693 615 1744 et
636 1684 755 1744 Cinnam
776 1702 905 1746 maxuma
928 1705 1003 1747 voce
1025 1686 1189 1767 appellans.

265 1793 317 1853 51.
340 1794 414 1868 Quin
438 1794 561 1856 lenones
582 1805 612 1857 et
634 1797 737 1857 vinarii
758 1795 900 1876 lauiique,
924 1815 1046 1876 quorum
1069 1807 1224 1876 praeterea
1245 1793 1351 1870 volgus

177 1902 286 1964 indies
308 1923 389 1965 usum
412 1904 516 1985 habet,
539 1907 636 1986 pretio
659 1907 824 1989 compositi.

214 2090 240 2154 ξ.
259 2094 303 2144 25.
328 2091 474 2161 composito]
502 2094 590 2147 Sensu
614 2096 666 2146 hoe
689 2111 744 2146 non
786 2093 846 2145 214.
865 2095 895 2157 Ι,
914 2096 939 2146 5.
969 2095 1102 2148 victorin.
1122 2095 1157 2147 ad
1176 2095 1232 2148 Cic.
1256 2095 1289 2145 de
1307 2093 1351 2144 In-

180 2168 271 2220 differt
294 2187 311 2220 a
333 2173 483 2232 eoncordia,
508 2175 555 2224 sed
579 2175 691 2240 gravius
716 2177 744 2223 at
785 2176 861 2225 veut.
885 2173 907 2222 I.
932 2189 958 2237 p.
984 2174 1027 2225 70.
1054 2174 1139 2226 Orell.
1172 2173 1264 2225 Verba
1288 2175 1371 2220 sunt.

179 2244 335 2298 distinctius
350 2264 430 2314 quam
445 2250 513 2300 haec
530 2265 584 2300 vox
601 2251 742 2301 0110111111-
786 2251 884 2312 Catuli,
909 2252 1015 2318 inipso
1037 2252 1130 2304 Sullae
1154 2252 1250 2302 funere
1272 2250 1352 2314 Lepi·
1443 2255 1447 2261 “

179 2325 212 2371 tir
230 2325 386 2388 opponitur.
786 2328 865 2390 dum,
890 2342 933 2378 res
954 2345 1039 2380 novas
1066 2330 1141 2380 haud
1163 2329 1279 2381 obscure
1296 2343 1352 2376 mo·

215 2403 303 2449 suimet
317 2404 447 2465 conputare
464 2399 590 2466 mercede]
606 2401 625 2451 i.
644 2417 667 2452 e.
686 2416 743 2451 sac·
786 2407 913 2470 lieutem,
949 2409 1070 2474 graviter
1098 2409 1278 2468 insectantis3
1313 2405 1350 2454 cf.

178 2494 233 2526 rum
257 2480 343 2528 eiciam
365 2481 494 2542 oaapainia
515 2480 639 2530 mercede.
676 2479 744 2530 Loci
785 2483 903 2549 Appiam.
933 2485 967 2536 Β.
992 2485 1022 2537 C.
1051 2486 1078 2550 1,
1111 2485 1169 2536 107.
1194 2483 1269 2535 Plor.
1298 2483 1350 2546 111,

179 2571 275 2606 sensus
294 2560 348 2606 est:
368 2556 469 2607 tradite
487 2557 636 2623 exemplum
654 2562 744 2622 poste·
786 2559 836 2623 23,
858 2560 881 2611 l.

178 2635 217 2684 ria
242 2634 277 2683 ad
300 2649 384 2700 remp.
409 2635 449 2685 ita
474 2638 693 2703 opprimundum,
716 2645 744 2687 at
821 2640 866 2689 Fr.
887 2622 1099 2703 51.]'rt0n.1v,
1118 2637 1161 2690 86.
1180 2637 1286 2702 paor,
1306 2636 1348 2686 18.

178 2716 243 2765 adeo
273 2728 374 2763 suornm
404 2718 489 2766 eiciam
521 2720 666 2783 sanquinem
693 2733 744 2780 pro
785 2717 870 2768 Mero.
889 2716 995 2768 Charis.
1015 2717 1039 2766 Ι.
1059 2732 1086 2781 p.
1099 2717 1142 2767 42.
1159 2714 1240 2766 Liud.
1259 2713 1297 2780 (p.
1307 2713 1350 2765 58.

176 2793 298 2842 seruitute
319 2792 462 2855 profundat
480 2804 505 2846 et
527 2801 601 2864 quasi
622 2797 745 2848 mercedis
785 2797 840 2859 Ρ.).
876 2795 968 2847 Verba
994 2788 1120 2860 spectent
1138 2794 1174 2844 ad
1192 2795 1285 2857 Lepidi
1306 2809 1351 2844 co-

178 2875 233 2924 toeo
249 2874 366 2938 tyrannis
380 2873 515 2936 praebeat.
785 2881 867 2926 natue
886 2875 915 2925 iu
931 2875 997 2926 urbe
1016 2875 1177 2926 seditionem
1200 2889 1249 2939 per
1266 2874 1350 2924 homi-

214 2959 238 3022 5,
261 2959 304 3010 26,
329 2960 387 3012 mitt
403 2989 437 3001 ..
454 2969 536 3013 gamen
556 2977 605 3011 „072
619 2962 671 3026 suit
688 2976 745 3011 eon·
785 2970 834 3004 nes
848 2953 961 3004 idoneos
976 2952 1113 3004 excitandi
1130 2952 1166 3002 ad
1181 2949 1274 3002 Sullae
1288 2955 1351 3002 aeta

178 3037 269 3104 ailiam]
307 3039 403 3104 Populi
436 3041 552 3105 ignavae
591 3041 744 3090 sententiae
787 3031 949 3093 evertenda;
969 3032 1005 3083 ef.
1024 3029 1069 3082 Fr.
1088 3032 1116 3094 1,
1136 3028 1183 3093 56,
1202 3029 1228 3081 6.

179 3115 301 3180 (probate
311 3143 345 3151 —
357 3119 460 3168 annuite
474 3147 504 3156 —
519 3121 623 3181 aecipite
638 3146 674 3156 -
689 3127 745 3169 tra·
820 3121 903 3180 pretio
916 3115 1054 3183 emrrpceiti]
1073 3117 1092 3166 i.
1106 3133 1130 3167 s.
1146 3117 1274 3181 praemiis
1291 3131 1351 3181 pro-

181 3192 244 3258 dite)
262 3192 382 3258 Lepidus
401 3211 472 3244 oaam
487 3197 609 3262 opponit.
787 3197 878 3247 missis
896 3196 980 3246 illecti
999 3195 1035 3246 ad
1052 3195 1213 3246 seditiosum
1230 3196 1351 3245 animum

215 3279 306 3328 mantnt
331 3305 367 3315 -
398 3280 518 3343 dignitati
541 3307 577 3318 -
601 3280 742 3346 praesidio]
786 3275 857 3325 elam
876 3273 1001 3324 alendum
1020 3277 1047 3323 et
1064 3272 1245 3323 excitandum.

181 3353 277 3402 Datioi
297 3355 437 3418 repetendi
460 3361 524 3406 sunt
548 3373 581 3407 ex
604 3373 650 3421 eo,
673 3359 745 3423 quod
821 3361 868 3410 Fr.
888 3356 943 3423 52]
964 3357 1070 3409 Charis.
1086 3357 1123 3407 II.
1141 3372 1166 3421 p.
1188 3356 1248 3407 121.
1270 3355 1351 3406 Lind.

178 3431 245 3478 rotie
280 3431 419 3479 enunciari
455 3436 621 3494 potestatem
653 3434 745 3498 habet,
788 3435 825 3502 (p.
847 3436 906 3489 184.
931 3433 986 3499 Ρ.).
1009 3435 1141 3501 Lepidum
1164 3439 1295 3500 perpetuo
1312 3434 1352 3482 in-

181 3522 252 3571 quae
267 3505 367 3557 elarius
388 3513 517 3574 apparat,
538 3512 562 3560 si
584 3511 698 3562 solveris
716 3515 745 3564 in
787 3514 906 3579 quietem
929 3518 1054 3577 senatus,
1076 3527 1129 3578 quo
1153 3511 1201 3561 illo
1224 3511 1352 3562 liberere-

181 3585 220 3648 i'da
240 3584 311 3650 qaod
325 3588 390 3636 satis
406 3593 453 3637 eet.
787 3596 845 3654 tur,
864 3597 927 3643 ante
941 3592 1048 3642 finitum
1064 3589 1237 3641 consulatum
1252 3592 1280 3640 in
1292 3607 1353 3657 pro-

215 3667 351 3730 quaesitum
373 3673 432 3716 erat
448 3697 484 3706 -
498 3666 551 3730 satit
568 3695 601 3705 -
618 3671 672 3718 aisa
694 3663 743 3732 eet]
787 3669 905 3722 vinclum
913 3668 1350 3730 Galliumabireiussit3ef.Hist.

181 3744 337 3796 Praeterita
354 3760 409 3796 non
433 3748 559 3812 spectant
578 3746 614 3797 ad
633 3745 661 3797 id
678 3752 745 3798 tem·
788 3749 833 3800 Fr.
848 3749 876 3811 Ι,
895 3747 938 3811 56,
956 3750 981 3798 4.
1005 3746 1119 3811 Appiam.
1134 3746 1167 3796 B.
1183 3745 1212 3795 O.
1226 3746 1249 3810 Ι,
1267 3747 1324 3796 107.

180 3837 247 3887 pus,
266 3838 319 3889 quo
340 3824 510 3876 consulatum
532 3828 600 3889 perit
615 3825 745 3891 Lepidus,
823 3833 868 3883 Fr.
894 3831 950 3898 53.]
979 3832 1107 3883 Arusian.
1133 3846 1162 3896 p.
1185 3830 1245 3881 240.
1269 3830 1351 3883 Lind.

181 3902 231 3952 sed
253 3919 306 3968 quo
324 3904 432 3968 adeptas
448 3911 495 3957 eat.
789 3907 831 3958 De
849 3911 978 3960 Etrurine
999 3912 1127 3974 suspecta
1152 3906 1205 3957 fide
1223 3906 1260 3957 ef.
1277 3907 1352 3962 Hist.

217 4001 279 4050 opes
294 3987 395 4055 faeere]
415 3989 452 4040 oi.
470 3990 544 4040 Hier.
563 3988 610 4040 Fr.
629 3987 688 4039 Inc.
701 3989 745 4040 33.
787 3987 835 4040 Fr.
866 3989 893 4050 I,
926 3989 974 4054 56,
1001 3988 1028 4040 6.
1056 3987 1081 4038 8.
1112 3986 1229 4051 Appiam.
1257 3987 1289 4038 B.
1317 3990 1350 4040 G.

214 4071 357 4140 potiorque]
376 4075 444 4124 Post
462 4075 619 4140 negativam
640 4079 747 4124 senten·
787 4067 818 4129 I,
841 4066 901 4119 107.
928 4095 970 4140 -Ι
984 4069 1053 4119 Cum
1070 4067 1169 4130 Lepido
1192 4070 1235 4116 est
1253 4066 1353 4131 Lepido

181 4151 249 4201 tiam
268 4152 444 4202 adversativa
465 4152 600 4202 interdum
619 4152 745 4216 simplici·
784 4145 885 4207 favetis·
905 4173 938 4183 -
961 4145 1085 4209 Suspecta
1105 4148 1130 4194 t‘n
1149 4147 1272 4195 tumultum
1293 4147 1353 4198 bre·

179 4231 222 4276 ter
239 4229 396 4278 annectitur
413 4244 460 4292 per
475 4231 612 4292 coprdandi
626 4231 745 4293 partica.
786 4223 885 4273 vitale·
897 4224 999 4288 insigni
1023 4223 1125 4274 dictum
1150 4221 1287 4288 signifieat
1310 4242 1351 4276 ett-

180 4302 252 4362 lam;
270 4318 296 4352 u.
314 4304 348 4354 ad
368 4304 429 4367 Iug.
449 4304 512 4366 107,
533 4305 558 4356 3.
669 4319 673 4324 ·
784 4307 872 4361 specto
889 4309 948 4349 erat
962 4305 1081 4362 procliuia
1095 4318 1151 4351 eece
1165 4303 1202 4352 ad
1218 4307 1352 4355 tumultum.

215 4379 262 4426 Fr.
281 4378 336 4442 50.]
357 4381 433 4431 Serv.
453 4381 488 4430 ad
509 4382 585 4446 Virg.
603 4383 671 4433 Aen.
693 4385 743 4446 tv,
820 4387 866 4435 Fr.
893 4383 947 4449 54]
973 4387 1050 4436 Serv.
1074 4387 1109 4435 ad
1132 4389 1209 4452 Virg.
1234 4390 1305 4442 Aen.
1328 4391 1350 4453 Ι,
