3070 4852
345 305 587 355 ursroumuuu
609 305 837 354 ruxsmuurs.
864 305 936 355 mu.
959 307 983 354 1.
1012 307 1067 355 un.
1091 300 1185 356 1-11.
1242 343 1244 348 .
1291 293 1352 358 als

264 465 294 526 9.
317 461 410 524 Nobis
429 464 539 542 primae
559 462 759 523 dissensiones
778 463 847 522 vitio
868 463 982 523 humaui
1001 465 1099 541 ingeni
1116 481 1255 542 euenere,
1273 463 1352 544 quod

180 573 294 650 inquies
317 582 403 651 atque
425 572 589 634 indomitum
613 591 731 651 semper
759 574 787 633 iu
818 573 975 636 certamine
996 574 1140 635 libertatis
1163 585 1210 634 aut
1237 575 1352 653 gloriae

179 692 227 746 aut
249 677 451 744 dominationis
471 684 540 761 agit.

266 795 314 856 10.
337 795 397 855 Res
418 796 548 855 Romana
572 794 731 873 plurumum
753 796 876 874 imperio
897 794 987 855 ualuit
1009 796 1074 855 Ser.
1101 795 1232 876 Sulpicio
1263 806 1292 856 et
1311 797 1350 858 Μ.

177 903 319 966 blurcello
354 903 539 982 consulibus,
572 906 649 964 omni
683 904 775 967 Gallia
810 908 852 965 cis
884 905 1015 966 Rhenum
1046 914 1132 983 atque
1164 907 1238 965 iuter
1271 924 1350 968 mare

177 1024 307 1076 nostrum
326 1025 412 1094 atque
434 1014 597 1091 Oceanum,
622 1017 676 1076 uisi
700 1033 755 1094 qua
776 1035 792 1075 a
812 1015 964 1095 paludibus
985 1017 1060 1075 invia
1089 1015 1154 1093 luit,
1177 1015 1349 1095 perdomita.

178 1125 310 1204 Optumis
331 1134 426 1185 autem
446 1125 576 1185 moribus
599 1134 627 1184 et
649 1143 779 1186 maxuma
810 1126 966 1186 concordia
995 1126 1056 1201 egit
1078 1125 1247 1204 respublica
1273 1127 1347 1186 inter

177 1236 336 1296 secuudum
358 1245 387 1295 et
410 1244 587 1315 postremum
610 1234 719 1296 bellum
738 1233 989 1326 Carthaginiense.

264 1347 312 1406 11.
337 1344 375 1404 At
401 1344 546 1404 discordia
570 1353 598 1403 ct
622 1345 740 1405 avaritia
767 1354 853 1423 atque
880 1343 996 1406 ambitio
1027 1354 1055 1404 et
1079 1355 1176 1406 cetera
1209 1347 1347 1408 secundis

176 1455 265 1514 rebus
284 1456 354 1514 oriri
369 1462 451 1514 sueta
470 1453 543 1514 mala
560 1464 626 1533 post
643 1453 828 1532 Carthaginis
843 1455 1002 1515 exscidium
1016 1474 1149 1516 maxume
1168 1466 1251 1516 aucta
1272 1467 1346 1522 suut.

175 1563 247 1624 Nam
264 1565 384 1625 iniuriae
400 1563 570 1624 validiorum
591 1573 619 1624 et
637 1563 674 1623 ob
691 1583 742 1624 eas
758 1564 901 1628 discessio
919 1565 1014 1645 plebis
1032 1587 1047 1627 a
1063 1566 1194 1647 patribus
1213 1569 1348 1647 aliaeque

175 1675 375 1735 dissensiones
398 1674 475 1734 domi
495 1674 579 1734 luere
602 1677 657 1734 iam
680 1674 746 1734 iude
770 1695 786 1737 a
808 1677 970 1756 principio,
996 1696 1093 1756 neque
1115 1677 1238 1756 amplius
1263 1697 1347 1757 quam

174 1785 294 1863 regibus
316 1787 443 1862 exactis,
464 1785 530 1844 dum
548 1794 641 1846 metus
660 1805 676 1847 a
694 1785 851 1865 Tarquinio
870 1795 899 1846 et
918 1786 1025 1847 bellum
1042 1806 1133 1865 grave
1152 1805 1215 1846 cum
1231 1787 1346 1848 Etruria

176 1897 300 1976 positum
323 1905 382 1974 est,
406 1915 502 1975 aequo
525 1904 553 1954 et
574 1895 708 1955 modesto
732 1899 793 1956 iure
815 1896 960 1974 agitatum.
987 1889 1078 1956 'Dein
1101 1896 1345 1975 serviliimperio
1445 1973 1449 1982 ι

176 2015 275 2086 patres
298 2005 414 2086 plebem
434 2024 594 2082 exercere,
616 2006 651 2066 de
673 2007 731 2067 vita
753 1995 839 2086 atque
862 2016 947 2085 tergo
969 2008 1054 2084 regio
1076 2024 1157 2065 more
1179 2008 1345 2086 consulere,

174 2135 246 2195 agro
270 2116 384 2198 pellere
408 2125 451 2196 et,
475 2117 581 2176 ceteris
603 2117 790 2198 expertibus,
815 2117 871 2178 soli
892 2121 920 2177 in
944 2117 1066 2196 imperio
1087 2135 1188 2194 agere.
1234 2117 1345 2192 Quibus

101 2310 105 2316 .
174 2228 280 2304 agitata
314 2227 443 2286 saevitiis
475 2236 504 2287 et
532 2244 664 2288 maxume
692 2229 802 2290 fenoris
831 2246 921 2289 onere
950 2245 1093 2307 oppressa
1123 2226 1228 2307 plebes
1259 2246 1344 2306 quum

173 2336 296 2396 assiduis
323 2337 408 2397 bellis
430 2337 564 2398 tributum
590 2339 672 2398 simui
696 2348 724 2399 et
750 2338 876 2399 militiam
904 2339 1058 2417 toleraret,
1088 2348 1194 2399 armata
1217 2313 1344 2399 mbulem

175 2465 288 2507 sacrum
309 2457 396 2528 atque
416 2425 590 2510 Aventinum
612 2449 731 2527 insedit,
753 2459 872 2528 tumque
890 2448 1022 2508 tribunos
1045 2451 1142 2530 plebis
1160 2459 1189 2509 et
1210 2450 1266 2510 alia
1289 2449 1343 2509 sibi

171 2558 231 2617 iura
256 2563 377 2639 paravit.
421 2560 639 2622 Discordiarum
662 2569 691 2622 el
714 2560 878 2621 certaminis
908 2562 1049 2640 utrimque
1080 2563 1143 2624 imis
1166 2562 1219 2622 luit
1241 2579 1342 2622 secun·

170 2666 235 2728 dum
258 2668 366 2730 bellum
388 2671 533 2731 Punicum.

171 2853 292 2904 Oaussae
317 2860 345 2906 et
369 2858 445 2922 origo
463 2858 593 2909 bellorum
613 2855 735 2908 civilium
790 2857 857 2905 ·Fr.
882 2855 935 2921 lt]
956 2856 1101 2922 Augustin.
1121 2855 1153 2908 C.
1171 2857 1206 2905 D.
1227 2856 1272 2917 11,
1299 2855 1341 2906 18.

95 2941 98 2947 ’
171 2929 349 2994 explicantur.
374 2965 409 2974 -
433 2937 475 2986 De
494 2939 591 3001 inquies
609 2950 678 2985 voce
699 2935 734 2984 cf.
777 2930 836 2993 III,
866 2933 907 2981 16.
941 2935 982 2994 V,
1013 2934 1053 2982 12.
1088 2934 1190 2983 Donet.
1218 2932 1253 2981 ad
1277 2933 1340 2982 Ter.

169 3010 215 3059 Fr.
238 3011 265 3074 Ι,
289 3012 331 3074 56,
359 3013 400 3063 11.
428 3020 455 3063 eh
480 3015 520 3066 16.
546 3014 589 3076 ΙΙ,
614 3015 657 3062 45.
687 3015 735 3074 IV,
777 3009 860 3059 Andr.
880 3010 908 3072 I,
931 3011 959 3071 l,
980 3009 1006 3058 il.
1033 3011 1113 3061 Arus.
1133 3025 1159 3074 p.
1179 3008 1238 3060 236.
1260 3009 1341 3058 Liud.

101 3115 112 3130 ·
169 3086 212 3136 ol.
232 3113 265 3121 -
280 3087 427 3139 Irrdomilum
445 3107 494 3155 pro
511 3090 648 3140 adiectivo
665 3090 736 3139 iudo-
778 3085 855 3134 Serv.
876 3086 910 3135 ad
928 3087 1005 3150 Virg.
1025 3086 1124 3150 Georg.
1148 3084 1280 3147 1v‚238.
1306 3087 1342 3136 ed

169 3163 258 3214 arabile
276 3170 331 3226 est;
352 3183 379 3218 v,
399 3169 434 3218 ad
453 3171 513 3235 lug,
532 3173 562 3232 2,
582 3169 608 3223 3,
777 3163 844 3212 Aen.
876 3164 960 3228 VIII,
993 3163 1052 3214 479.
1080 3191 1115 3199 —-
1145 3163 1237 3214 Verba
1262 3169 1341 3230 ne'que

203 3267 249 3315 Fr·
272 3266 323 3333 ,Μ
344 3269 478 3320 victorin·
494 3271 530 3319 ,ld
548 3270 606 3320 Cic.
621 3270 732 3321 Rhetor.
777 3241 883 3302 amplius
906 3258 979 3306 quam
997 3245 1050 3292 stc.
1069 3241 1141 3292 hune
1161 3256 1270 3291 sensum
1295 3243 1342 3292 ha-

169 3344 493 3411 p.5.0rell.1u0n,11‚
514 3347 573 3399 180·
594 3365 620 3412 p·
641 3347 688 3411 92,
708 3348 732 3400 3·
776 3317 856 3410 beni:
879 3333 967 3384 neque
989 3321 1082 3371 diucius
1105 3335 1177 3384 quam
1203 3335 1281 3384 usque
1306 3321 1341 3368 ad

169 3423 252 3472 Mero.
273 3423 347 3474 Serv.
369 3425 404 3474 ad
419 3427 495 3492 Virg,
516 3428 584 3478 Aen,
603 3427 651 3488 pp,
672 3428 731 3478 539·
775 3399 838 3448 allud
854 3405 957 3462 tempus,
976 3414 1033 3463 quo,
1053 3404 1115 3462 post
1128 3413 1205 3463 reges
1220 3403 1340 3462 exactos,

168 3501 313 3565 Augusti,
334 3502 463 3555 (10011).
485 3505 526 3568 Π,
548 3505 588 3558 13·
611 3506 670 3569 ΠΙ,
689 3507 731 3557 21·
776 3480 863 3525 metus
881 3478 1054 3541 -positum
1073 3481 1123 3527 est.
1141 3478 1279 3530 -Seruili
1295 3483 1339 3530 iur-

771 3555 846 3615 perio
863 3555 881 3604 i.
901 3570 924 3605 e.
942 3555 1072 3620 irnperio,
1100 3555 1179 3620 quale
1197 3557 1225 3605 iu
1246 3573 1339 3608 servos

167 3660 303 3724 Fragmm.
328 3662 439 3711 fuerunt
464 3678 496 3714 ea
518 3664 620 3714 exordii
645 3669 730 3728 parte,
776 3635 827 3680 est·
847 3657 882 3666 “
900 3632 1050 3724 Εωῗ”οθνθ’
1076 3634 1093 3683 i·
1120 3650 1144 3726 ξ’
1171 3649 1280 3684 vexare·
1305 3662 1339 3671 “

168 3738 222 3802 qua
240 3743 336 3788 auctor
362 3738 395 3789 de
418 3741 584 3806 reipublicae
611 3746 685 3791 statu
704 3743 731 3790 in
775 3710 923 3774 ‘malm’
949 3728 969 3799 ¹,
989 3727 1011 3761 θ’
1040 3718 1221 3774 ⁰⁰n⁵m¹¹⁹¹⁰³
1250 3713 1340 3764 ‘1⁶⁰³'

169 3816 287 3888 doleriu‘s
311 3822 416 3868 mutato
441 3819 505 3883 egit.
523 3849 553 3858 -
577 3819 653 3870 Serv.
673 3819 732 3869 Sul·
774 3801 853 3846 ”⁰¹⁰3
873 3787 908 3836 ef·
928 3788 989 3839 ω’
1009 3789 1099 3851 XXX’
1119 3787 1169 3852 43¹
1191 3789 1230 3841 ¹3·

168 3896 257 3959 picius
281 3901 308 3946 et
326 3897 364 3947 M.
386 3895 533 3946 Marcellus
559 3911 629 3947 coss.
656 3898 731 3947 fuere
809 3901 910 3944 montem
940 3909 1041 3944 sacrum
1070 3904 1145 3961 atque
1177 3897 1337 3964 Auentinruu]

169 3988 193 4021 a.
221 3973 263 4023 51,
284 3989 309 4024 e.
328 3973 391 4024 Chr.
418 3989 445 4022 n.
465 4000 497 4008 -
516 3973 595 4022 Mare
613 3983 732 4038 nostrum,
776 3974 926 4037 Utrumque
954 3973 1057 4024 iactum
1086 3977 1114 4024 in
1138 3976 1225 4040 prima
1250 3991 1338 4026 seces-

165 4049 184 4099 i.
215 4066 238 4099 e.
269 4052 510 4112 mediterraneum
547 4067 580 4122 u,
608 4053 643 4102 ad
672 4054 731 4118 Iug.
776 4052 852 4100 sione
873 4066 897 4101 a.
918 4048 1017 4101 lbra
1034 4051 1235 4114 Chr.·n.facte,
1255 4069 1338 4117 quum

167 4127 214 4184 17,
234 4129 260 4176 4.
282 4155 314 4163 -
336 4128 360 4176 Α
377 4129 511 4190 paludibus
526 4130 608 4190 inicia,
631 4129 650 4181 i.
671 4145 694 4179 e.
716 4147 732 4180 a
775 4127 852 4192 plebs
886 4127 972 4191 primo
1004 4135 1121 4178 montem
1152 4146 1273 4190 sacrum,
1304 4146 1337 4182 ac

163 4206 241 4264 parte
263 4204 405 4267 paludum
432 4206 468 4258 cf,
492 4205 552 4269 Iug.
574 4205 624 4268 31,
643 4209 668 4257 2.
687 4207 730 4270 48,
775 4204 873 4256 deiude
897 4205 991 4268 paucis
1017 4204 1112 4255 diebus
1141 4212 1204 4272 post
1227 4209 1338 4258 Aventi-

164 4278 190 4328 3.
218 4307 254 4318 -
273 4281 315 4330 De
342 4298 371 4332 re
396 4283 456 4346 ipse
486 4298 513 4335 v.
538 4283 610 4332 Hirb.
636 4284 667 4334 B.
698 4285 731 4336 G.
774 4299 837 4333 num
857 4286 1019 4346 occuparet3
1038 4284 1074 4334 cf.
1092 4283 1146 4336 Cic.
1162 4285 1195 4335 de
1212 4287 1279 4352 Rep.
1298 4287 1336 4350 11,

165 4355 249 4418 VIII,
268 4357 292 4406 7.
774 4361 821 4426 33,
840 4361 882 4412 58.

168 3579 259 3630 Verba
290 3580 370 3631 huius
396 3586 423 3631 et
450 3583 531 3633 trium
563 3585 732 3650 sequentium
