3028 4852
179 277 220 337 42
591 289 620 337 o.
644 290 811 337 sunonem
833 291 945 338 onrsri

179 449 239 508 Res
262 450 324 527 ipsa
348 446 457 505 hortari
479 446 609 523 videtur,
639 448 774 524 quoniam
796 449 832 508 de
857 448 987 508 moribus
1012 449 1136 507 civitatis
1159 458 1273 528 tempus
1298 449 1377 508 ιιι-9

179 559 304 634 monuit,
329 575 415 636 supra
442 567 598 636 repetere,
627 575 662 616 ac
687 560 788 636 paucis
810 560 936 618 instituta
958 561 1096 618 maiorum
1119 558 1196 618 domi
1217 558 1348 619 militiae·

107 738 113 771 Ι,
179 659 261 770 que(
276 685 333 748 quo
356 667 442 727 modo
466 667 675 747 rempublicam
697 667 862 747 habuerint,
888 678 1082 749 quantamque
1108 670 1295 749 reliquerint,
1319 679 1350 728 ut

106 831 113 852 ,
180 781 315 862 paulatim
340 780 482 839 immutata
506 797 544 838 ex
567 779 770 859 pulcherruma
794 797 930 858 pessuma
958 799 993 842 ao
1015 781 1250 858 flagitiosissuma
1271 781 1348 840 lacta

180 894 232 968 sit,
257 891 413 951 disserere,
725 975 727 978 Ι

264 1004 315 1065 v1.
359 1001 469 1063 Urbem
496 1002 634 1076 Romam,
663 1001 738 1060 siout
769 1019 827 1078 ego
852 1003 974 1081 accepi,
1004 1001 1161 1061 condidere
1177 981 1272 1080 atque
1298 1001 1347 1060 ba-

179 1116 270 1175 buere
299 1115 379 1173 initio
405 1112 538 1188 Troiani,
569 1113 615 1190 qui
638 1111 740 1170 Aenea
771 1112 845 1171 duce
873 1113 992 1192 profugi
1016 1111 1133 1172 sedibus
1156 1113 1276 1171 incertis
1299 1130 1347 1171 ve-

179 1226 338 1304 gabantur,
375 1242 497 1302 cumque
527 1223 562 1282 iis
590 1221 795 1298 Aborigines,
820 1217 914 1301 genus
945 1224 1089 1284 hominum
1118 1232 1253 1300 agreste,
1285 1224 1347 1282 sine

180 1335 311 1414 legibus,
337 1336 398 1394 sine
419 1335 559 1414 imperio,
580 1332 704 1392 liberum
728 1342 814 1412 atque
838 1333 973 1394 solutum.
1009 1335 1045 1395 Hi
1068 1343 1221 1413 postquam
1243 1335 1272 1392 in
1293 1341 1381 1392 una2

179 1446 295 1506 moenia
316 1463 501 1521 convenere,
525 1445 634 1523 dispari
658 1461 785 1520 genere,
809 1443 939 1504 dissimili
959 1446 1074 1523 lingua,
1097 1445 1170 1504 alius
1190 1445 1247 1504 alio
1267 1461 1348 1504 more

179 1560 330 1632 viventes,
366 1554 542 1615 incredibile
565 1564 724 1614 memoratu
755 1563 814 1631 est,
844 1573 927 1633 quam
956 1556 1044 1616 facile
1075 1556 1246 1616 coaluerint.
1291 1555 1380 1616 Sed3

102 1695 105 1702 ·
180 1677 336 1749 postquam
357 1685 407 1726 res
430 1684 530 1726 eorum
554 1664 683 1742 civibus,
705 1665 850 1744 moribus,
882 1668 961 1745 agris
981 1676 1083 1744 aucta,
1111 1667 1187 1744 satis
1203 1684 1349 1747 prospera

179 1857 216 1906 ib.
237 1856 285 1918 50,
309 1856 334 1906 1.
358 1856 442 1904 Buces
463 1853 640 1902 multitudinum
663 1853 747 1915 pretio
787 1854 864 1903 dendz'
875 1855 986 1905 notione
1002 1855 1079 1904 simul
1092 1853 1350 1916 indicctrationem,

179 1933 406 1996 rempublicam
422 1948 548 1983 nexare
564 1932 640 1982 soliti.
787 1946 841 1996 que
859 1947 1046 1997 responsessa
1058 1941 1167 1999 perator
1184 1937 1232 1982 eut
1249 1938 1352 1981 curetur

178 2015 181 2024 ’
213 2021 239 2072 9.
258 2018 366 2084 hortari]
387 2020 477 2069 Minus
493 2019 596 2068 usitate
614 2017 666 2067 hoo
686 2032 746 2066 ver.
787 2017 947 2060 tracteturne.
987 2013 1078 2073 Quare
1096 2027 1191 2061 sensus
1211 2014 1266 2060 eet:
1285 2025 1352 2074 quo-

179 2101 255 2161 bum‚
274 2103 305 2147 ut
323 2096 452 2147 nonnulla
465 2097 533 2159 alia,
553 2112 624 2160 quae
638 2095 747 2146 consilii
788 2089 867 2137 modo
886 2089 1079 2152 rempublicam
1098 2089 1241 2154 gesserint,
1260 2084 1352 2136 in'ea-

179 2181 227 2228 aut
244 2175 394 2226 voluntatis
411 2176 466 2224 vim
485 2174 602 2235 habent,
626 2190 687 2224 eum
704 2175 743 2223 in·
787 2180 840 2229 que
856 2164 1073 2216 administrando
1089 2171 1117 2217 et
1132 2166 1234 2216 tuende
1247 2164 1353 2214 versati

179 2253 285 2304 finitive
303 2252 484 2314 construitur,
508 2250 615 2316 vulgari
633 2267 744 2302 consue·
786 2243 854 2303 sinit
891 2243 927 2293 cf·
953 2243 1012 2296 Oai·
1042 2245 1090 2307 ll,
1120 2247 1146 2296 5.
1177 2245 1238 2309 lug.
1263 2245 1293 2306 5,
1323 2244 1351 2291 7·

179 2332 272 2382 tudine
290 2339 317 2380 nt
334 2329 505 2395 postulant03
524 2329 560 2378 cf.
576 2329 637 2394 Ing.
653 2332 700 2392 24,
717 2331 742 2380 4.
786 2322 834 2382 44,
856 2321 880 2371 l·

181 2412 263 2460 Plura
289 2411 321 2460 dc
352 2407 476 2473 luporum
508 2407 661 2459 scribere
691 2410 744 2459 de·
820 2421 1353 2487 VI,1‚35m,t539000oep,]p]000n,j,

179 2488 449 2548 dorlalurftlrlm
466 2501 528 2535 mea·
786 2498 846 2548 silio
871 2499 937 2549 haec
964 2500 1127 2551 aSalluetio
1147 2501 1254 2550 adiecta
1277 2503 1351 2561 sunt,

214 2580 338 2647 quoniam]
352 2583 412 2632 Hoc
424 2580 559 2646 particula
571 2595 651 2646 quum
665 2594 745 2628 enue—
785 2583 816 2628 ut
833 2578 1002 2644 significaret
1010 2597 1065 2630 non
1080 2597 1129 2646 pro
1142 2582 1222 2631 certis
1235 2585 1262 2630 ct
1279 2595 1353 2629 com-

181 2678 213 2712 sa
230 2662 368 2724 efferatur,
388 2677 420 2711 ex
438 2661 512 2710 facta
531 2676 574 2722 re,
594 2674 672 2724 quam
689 2673 745 2706 mu·
785 2657 870 2722 pertis
889 2672 917 2706 se
936 2657 1085 2722 affirmare,
1116 2675 1186 2725 quae
1203 2661 1236 2710 de
1254 2661 1352 2710 Romn-

181 2744 242 2790 tare
259 2745 307 2789 aut
324 2756 377 2790 non
395 2739 485 2805 possis
503 2742 551 2788 aut
573 2737 658 2799 nolis,
685 2751 745 2800 pro·
785 2750 881 2784 norum
898 2735 1002 2799 origine
1019 2742 1127 2800 narrat,
1147 2739 1194 2788 sed
1214 2754 1246 2788 ec
1265 2735 1351 2800 sequi,

181 2819 271 2883 diens,
299 2819 445 2884 peculiaris
470 2817 528 2867 cius
559 2832 623 2866 usus
648 2820 690 2867 est
717 2815 744 2863 in
787 2829 856 2878 quae
887 2814 959 2878 apud
982 2821 1107 2867 auctores
1134 2819 1186 2868 sibi
1212 2817 1352 2882 probatos,

181 2899 377 2963 depressionibus
393 2894 557 2957 inserendis,
582 2893 679 2960 quibus
702 2909 744 2944 res
785 2891 929 2957 inquibus
948 2893 1016 2943 Cato
1038 2894 1091 2944 fuit
1114 2899 1184 2946 teste
1202 2897 1296 2947 Servio
1317 2895 1352 2944 cd

164 2977 235 3026 .iam
258 2977 332 3028 dicta
357 2975 528 3026 occasionem
554 2972 680 3038 praebet3
707 2972 744 3022 cf.
786 2970 864 3034 virg.
883 2970 951 3021 Aen.
970 2971 994 3035 1,
1011 2972 1052 3034 6.‚
1069 2971 1175 3039 legerit.
1203 2976 1306 3036 Quare,
1327 2976 1351 3024 si

181 3049 263 3108 Cniil.
277 3057 320 3120 53,
337 3056 362 3106 6.
381 3056 441 3119 Ing.
457 3052 499 3115 30,
518 3057 544 3101 4.
562 3051 605 3114 70,
622 3050 645 3101 l.
660 3050 702 3113 05,
719 3052 745 3099 2.
788 3063 843 3096 rem
861 3051 984 3112 spectas,
1009 3050 1093 3102 verba
1109 3052 1180 3102 idem
1203 3052 1296 3103 valent
1312 3058 1352 3102 at-

216 3157 296 3205 gupra
314 3137 440 3204 repetere]
465 3138 484 3186 i,
504 3152 527 3186 e,
553 3135 588 3186 nd
606 3136 746 3199 superiora
788 3142 840 3191 que
858 3129 923 3176 sicut
943 3129 1061 3178 traditur.
1098 3130 1131 3180 In
1157 3147 1189 3181 ea
1215 3133 1351 3182 sententia

182 3221 305 3284 tempora
329 3216 435 3282 regredi
460 3215 576 3279 indeque
595 3211 746 3262 disserendi
788 3220 833 3269 epo
857 3219 1005 3268 pronomen
1028 3207 1190 3271 peculiarem
1215 3211 1269 3260 vim
1296 3225 1349 3259 non

181 3299 289 3348 initium
302 3313 398 3362 capere
414 3295 579 3360 (germanice
591 3297 676 3344 ociter
687 3308 745 3342 ous-
787 3283 881 3337 habet:
906 3284 943 3334 cf·
963 3284 1024 3336 Oai·
1042 3287 1068 3350 8,
1084 3289 1109 3337 ἳ-
1138 3288 1199 3354 Iug-
1217 3293 1242 3353 4',
1262 3291 1287 3340 5.
1306 3288 1350 3353 85,

181 3375 280 3441 bolen),
299 3374 372 3440 quod
391 3372 745 3436 etiamdicipoteretaltiue
789 3361 812 3412 l·
834 3361 966 3424 et§.15.
1332 3363 1335 3370 '

182 3456 225 3507 vel
244 3457 340 3519 Ionpius
356 3461 484 3516 repetere
502 3452 538 3502 cf.
558 3452 619 3518 Ing.
639 3453 664 3513 5,
683 3451 708 3502 3.
821 3457 923 3507 cedibus
941 3455 1053 3524 incertis]
1074 3459 1196 3512 Ablativi
1213 3479 1266 3513 non
1283 3464 1352 3514 indi-

206 3549 331 3610 tamenta
365 3574 401 3584 -.
433 3543 571 3610 adgerere]
604 3545 747 3596 seruatum
788 3539 852 3587 cant
870 3534 972 3601 locum,
991 3538 1039 3586 sed
1057 3544 1120 3589 sunt
1138 3539 1268 3606 absoluti,
1295 3543 1352 3607 qui-

183 3630 311 3678 discercre
339 3623 416 3674 verbi
441 3624 482 3673 ite
506 3628 664 3688 comparata
695 3629 746 3688 est,
788 3615 838 3664 blm
855 3630 954 3666 0811888
971 3617 1091 3682 vagandi
1104 3613 1267 3670 continetur.

183 3712 213 3758 ut
234 3719 288 3755 uno
309 3707 405 3753 tenore
430 3706 458 3752 ct
481 3703 594 3767 simplex
612 3705 747 3755 obiectum
821 3709 924 3759 libcmcm
936 3720 1011 3776 utque
1025 3711 1138 3778 solutum]
1157 3713 1271 3779 Saepius
1286 3715 1353 3767 baec

184 3790 211 3835 et
238 3781 388 3846 complures
412 3780 617 3831 enunciationes
648 3783 748 3832 obiecti
788 3785 922 3836 vocabula
939 3789 1148 3854 coniunguntur,
1167 3791 1202 3840 ad
1220 3807 1352 3844 summam

183 3865 238 3915 vim
263 3863 393 3913 habentes
418 3876 451 3910 cx
480 3876 512 3911 eo
535 3860 684 3925 pendeant3
710 3864 745 3912 cf.
789 3860 927 3913 licentium
945 3865 1164 3930 significandam
1191 3869 1227 3920 cl.
1248 3871 1303 3922 Cic.
1323 3873 1351 3920 in

183 3945 243 4009 lug.
264 3942 307 4005 30,
332 3941 357 3992 1.
376 3941 510 4005 Postquam
535 3956 590 3990 res
610 3944 634 3991 ia
652 3941 746 4004 Africa
789 3940 865 3990 Verr.
886 3941 928 4004 11,
946 3943 977 4005 2,
996 3943 1039 3993 75.
1058 3944 1100 4007 11,
1120 3948 1149 4008 2,
1167 3948 1210 3998 78.
1232 3948 1265 3998 de
1283 3950 1351 4014 Rep.

181 4031 283 4088 pectas,
312 4034 435 4084 quoquc
461 4019 547 4068 modo
573 4025 667 4070 actae
691 4021 747 4083 fo·
788 4020 839 4082 IV,
858 4021 883 4070 4.
904 4021 1003 4072 Tusce.
1025 4023 1351 4092 1,27,66.n0aud.11,

183 4110 269 4163 rent,
287 4101 359 4163 famo
375 4099 518 4163 diuolpauil.
537 4098 575 4147 ib.
592 4097 634 4162 34,
654 4101 679 4149 4.
788 4098 814 4160 3,
832 4100 855 4146 7.

210 4191 360 4258 imbuerint]
381 4193 546 4258 Praegnauti
560 4192 747 4243 sensubabere
823 4193 848 4241 2.
867 4206 918 4239 unc
935 4191 1041 4258 moenia]
1062 4194 1098 4244 cl.
1118 4195 1179 4260 Iug.
1198 4196 1241 4258 60,
1261 4198 1286 4247 7.
1306 4200 1355 4249 Udi

183 4269 332 4321 adverbiali
343 4271 463 4322 dictione
474 4269 613 4320 delinitum
621 4271 662 4319 ita
672 4286 748 4319 usur·
788 4286 869 4320 unae
887 4279 962 4334 acque
976 4273 1073 4322 alterae
1083 4276 1169 4324 scalae
1184 4277 1350 4329 comminutae.

183 4354 277 4415 patur,
303 4353 333 4399 ut
356 4365 411 4400 non
435 4347 515 4415 plene
541 4349 650 4399 abiecta
663 4351 747 4412 poeci-
823 4347 849 4399 3.
867 4363 911 4397 rec
929 4348 1022 4416 corum]
1042 4351 1095 4402 lies
1110 4367 1159 4417 pro
1173 4353 1286 4418 ciuitate,
1308 4356 1353 4406 Li-
