3024 4852
518 330 695 378 commun.
714 331 757 408 ιο.
780 330 877 378 omn.
898 329 970 376 nix.
1110 319 1117 332 ‘
1262 323 1322 384 109

148 485 214 563 bct,
249 494 336 564 etque
371 486 527 547 instructos
560 486 679 548 ordines
708 487 737 547 in
766 486 863 547 locum
898 502 1022 563 aequum
1054 485 1180 548 deducit.
1234 487 1320 568 Deio,

148 598 268 656 remotis
296 596 420 656 omnium
454 597 556 676 cquis,
592 615 650 676 quo
679 595 817 657 militibus
853 595 1018 675 exaequato
1051 598 1184 677 periculo
1211 601 1321 666 animus

149 705 274 786 amplior
294 716 390 785 esset,
413 707 478 786 ipse
502 706 595 787 pedes
618 708 779 768 exercitum
800 690 947 787 pro'loco
968 716 1055 787 atque
1079 709 1174 788 copiis
1196 682 1320 769 instruit.

123 815 255 894 2Nam,¹
271 819 309 878 uti
331 817 468 897 planities
497 827 559 877 erat
581 819 657 878 iuter
682 820 816 879 sinistros
846 817 952 877 montis
975 825 1004 876 et
1032 816 1068 876 ab
1098 817 1218 880 dextera
1247 836 1319 897 rupe

148 945 272 1007 aspera,
296 935 365 989 octo
387 927 518 988 cohortis
541 929 569 988 in
590 928 688 989 lronte
712 928 874 1004 constituit,
902 927 1079 1007 reliquarum
1100 929 1183 1006 signa
1205 929 1232 988 in
1255 927 1320 989 sub·

120 1036 223 1098 3sidio
247 1041 336 1100 artius
359 1038 497 1099 collocat.
542 1038 589 1100 Ab
611 1040 656 1100 his
680 1039 882 1114 centuriones,
905 1039 999 1098 omnis
1019 1039 1131 1118 lectos,
1163 1049 1191 1100 et
1214 1057 1319 1101 evoca·

149 1156 210 1226 tos,
248 1160 404 1230 praetcrea
435 1171 473 1211 cx
497 1150 644 1231 gregariis
672 1124 809 1210 militibus
835 1160 982 1230 optumum
1010 1168 1157 1230 quemque
1184 1161 1320 1212 armatum

149 1259 177 1315 in
197 1258 317 1338 primam
338 1263 431 1321 aciem
453 1261 596 1322 subducit.
635 1258 668 1321 G.
683 1259 819 1322 blanlium
838 1263 867 1321 in
886 1261 1000 1340 dextra,
1020 1261 1213 1323 Faesulanum
1231 1280 1319 1341 quen·

150 1366 214 1428 dam
239 1370 268 1428 in
295 1371 411 1432 sinistra
437 1381 521 1451 parte
553 1391 656 1432 curare
685 1371 779 1441 iubet;
816 1372 882 1452 ipse
910 1391 973 1432 cum
1007 1371 1176 1432 libertis'et
1206 1372 1321 1434 colonis

152 1461 275 1558 propter
297 1481 422 1559 aquilam
442 1483 566 1561 assistit,
590 1501 675 1563 qnam
696 1481 776 1543 hello
797 1480 943 1544 Cimbrico
965 1482 998 1543 C.
1014 1483 1121 1543 blarius
1139 1485 1166 1543 in
1187 1485 1320 1544 exercitu

123 1585 289 1649 thabuisse
308 1589 470 1652 dicebatur.
509 1594 547 1654 At
567 1613 605 1654 ex
627 1593 720 1653 altera
740 1601 822 1672 parte
846 1592 880 1655 0.
902 1593 1057 1671 Antonius,
1079 1592 1201 1672 pedibus
1219 1613 1320 1698 aeger,

151 1697 228 1774 quod
250 1702 365 1779 proelio
393 1702 499 1763 adesse
521 1702 674 1783 nequibat,
702 1701 740 1763 bl.
761 1703 878 1764 Petreio
901 1703 1001 1780 legato
1022 1705 1182 1764 exercitum
1204 1705 1320 1783 permit·

122 1806 191 1866 etit.
234 1808 288 1870 llle
312 1812 442 1874 cohortis
469 1823 639 1893 veteranas,
668 1832 740 1893 quas
765 1813 875 1874 tumulti
899 1831 1002 1872 caussa
1031 1816 1264 1894 conscripserat,
1292 1813 1321 1902 in

150 1917 264 1997 fronte,
296 1932 364 2002 post
386 1943 438 1984 eas
466 1934 595 1986 ceterum
623 1927 783 1985 exercitum
805 1925 833 1983 in
862 1923 997 1985 subsidiis
1025 1923 1119 1993 locat;
1149 1925 1213 2003 ipse
1243 1937 1319 2000 equo

152 2029 323 2092 circumiens
351 2047 582 2115 unumquemque
611 2036 761 2096 nominans
789 2034 936 2114 appellat,
971 2033 1118 2111 hortatur,
1152 2041 1256 2110 rogat,
1291 2041 1321 2092 ut

150 2141 344 2221 meminerint,
380 2164 412 2205 se
448 2156 549 2206 contra
575 2145 705 2206 latrones
730 2144 862 2221 inermis,
894 2161 949 2223 pro
982 2144 1092 2224 patria,
1122 2163 1178 2224 pro
1210 2143 1321 2221 liberis,

123 2254 207 2328 6pro
236 2253 293 2312 aris
320 2263 408 2333 atque
431 2257 508 2317 locis
533 2257 600 2318 suis
630 2265 753 2317 certare.
797 2255 891 2316 Homo
913 2254 1057 2333 militaris,
1091 2256 1169 2335 quod
1198 2254 1321 2335 amplios

152 2376 243 2422 annos
274 2365 390 2442 triginta
424 2366 571 2446 tribunus,
606 2377 653 2428 aut
685 2365 870 2446 praelectus,
904 2375 951 2426 aut
985 2365 1122 2445 legatos,
1153 2375 1200 2427 aut
1236 2384 1320 2445 prae-

151 2479 198 2530 tor
228 2491 292 2534 cum
320 2494 423 2553 magna
453 2478 550 2556 gloria
579 2479 606 2536 in
636 2477 766 2537 exercitu
795 2477 905 2554 luerat,
934 2468 1094 2556 plerosque
1121 2479 1205 2558 ipsos
1232 2477 1321 2536 iacta·

153 2599 208 2660 que
239 2602 340 2646 eorum
366 2587 453 2649 lortia
484 2596 621 2658 noverat;
652 2605 686 2646 ca
714 2584 967 2647 commemorando
991 2587 1108 2649 militum
1133 2591 1245 2650 animos
1274 2606 1320 2648 ac·

152 2692 304 2754 candebat.

152 2893 169 2928 a
186 2880 298 2933 sinistra
319 2892 412 2935 montes
431 2890 536 2949 essent,
563 2901 579 2936 a
603 2885 714 2936 dextera
792 2876 898 2946 colona's]
925 2883 1118 2950 Intelliguntur
1139 2884 1231 2936 Sullae
1247 2889 1323 2936 vete-

152 2960 209 3008 loco
226 2968 334 3024 propter
351 2977 437 3024 ratpero
455 2978 557 3025 aspero.
758 2959 833 3023 rani,
858 2960 955 3025 quibus
972 2961 1021 3012 illa
1039 2963 1114 3027 regio
1133 2962 1199 3013 data
1217 2961 1320 3023 fueram

188 3044 213 3097 3,
239 3045 270 3094 ab
285 3043 334 3111 pp]
365 3047 384 3098 t,
403 3062 427 3097 θ,
449 3048 483 3098 ab
503 3064 535 3098 03
551 3051 642 3115 parte,
669 3046 716 3096 ubi
759 3037 795 3089 ci.
813 3037 848 3088 ad
867 3053 892 3090 e.
912 3037 955 3100 28,
974 3040 999 3089 4.
1020 3040 1076 3090 Eos
1096 3055 1188 3090 omncs
1207 3046 1322 3091 evocatae

154 3121 304 3172 subsidium
323 3128 395 3184 erat,
414 3128 529 3178 amotos,
760 3117 845 3168 fuisse
863 3115 944 3167 valde
961 3118 1107 3170 verisimile
1126 3124 1176 3172 cst.

189 3202 266 3250 omnis
284 3201 374 3267 lector]
399 3203 418 3255 i.
432 3218 455 3252 e.
477 3205 523 3268 qui
541 3218 633 3254 omnes
651 3202 717 3254 lecti
792 3206 819 3255 4.
839 3203 880 3252 Μ.
894 3203 1009 3270 Petreio]
1035 3206 1110 3258 Idem
1129 3223 1189 3258 esse
1204 3205 1321 3269 uidetur,

153 3283 231 3328 crant
250 3276 345 3342 (lucter
363 3282 526 3346 ausperuette
545 3282 651 3350 ὑανία),
680 3281 715 3334 cf.
760 3283 806 3349 qni
824 3283 1041 3348 quattuordecim
1054 3287 1143 3337 ⁴tannis
1162 3290 1225 3352 post
1242 3286 1323 3335 Pom·

153 3355 214 3421 Ing.
234 3355 298 3420 103,
326 3358 350 3411 l.
377 3359 444 3409 Tria
467 3364 558 3411 autem
580 3360 717 3412 hominum
758 3360 812 3427 peii
829 3359 936 3428 legatus
960 3363 988 3413 in
1005 3364 1142 3430 Hispania
1164 3381 1181 3416 a
1204 3365 1322 3416 Caesare

153 3448 255 3498 genera
285 3433 504 3501 distinguuntur,
535 3439 716 3504 centuriones,
759 3440 848 3490 victus
870 3444 922 3491 est.

154 3513 278 3576 evocati,
298 3516 418 3580 gregarii
435 3514 545 3568 milites.
795 3525 819 3576 5.
845 3524 951 3592 tumulo]
987 3525 1113 3577 Tumultus
1135 3527 1255 3578 subitum
1279 3531 1322 3578 est

189 3595 315 3664 evocatae]
343 3600 389 3649 Ita
406 3598 580 3665 dicebantur,
605 3600 653 3666 qui
670 3600 718 3650 ati·
758 3600 825 3658 belliv
840 3603 1004 3667 periculum,
1024 3604 1069 3655 cui
1088 3603 1212 3656 celeriter
1230 3621 1323 3657 occur-

154 3673 259 3738 pendiiu
287 3676 417 3740 expletis,
445 3681 517 3731 unde
543 3696 657 3746 maguus
682 3679 716 3728 iis
760 3678 872 3729 rendum
890 3685 947 3742 θεῖς
972 3681 1086 3733 cf.'0ic.
1106 3683 1223 3750 Philipp.
1243 3683 1321 3746 VIII,

154 3755 214 3801 erat
231 3751 345 3804 militiae
365 3770 444 3819 ursus,
466 3756 537 3808 ultro
554 3756 717 3826 uomendu-
761 3757 784 3820 l,
803 3759 829 3807 2.
847 3757 923 3807 Bello
937 3762 1080 3811 uacationes
1097 3761 1194 3820 volent,
1221 3761 1322 3812 ucmultu

155 3829 231 3879 bant.
328 3862 330 3868 .
759 3849 808 3885 non
824 3835 916 3884 odeat.

189 3922 309 3978 optumum
336 3932 453 3982 quemque
478 3917 611 3984 amictam]
649 3918 667 3969 i.
694 3934 717 3970 e.
792 3908 924 3976 110000Ῐο]
948 3927 975 3962 V·
995 3912 1031 3961 δᾶ
1049 3911 1109 3964 0²2·
1128 3914 1171 3977 52,
1190 3913 1216 3964 3·

155 3992 334 4044 fortissimum
352 4010 498 4061 quemque,
518 3997 564 4061 qui
579 3997 661 4047 armis
678 3996 718 4045 in·
796 3994 822 4046 6.
840 3997 909 4047 homo
923 3997 1048 4064 militarie]
1071 4014 1097 4050 v.
1110 3999 1146 4048 ad
1163 3999 1224 4048 Get.
1239 3999 1283 4060 45,
1295 3999 1321 4049 2.

154 4074 274 4120 structus
294 4075 379 4133 esset3
403 4087 458 4122 non
476 4088 568 4123 omnes
586 4074 657 4124 enim
674 4087 717 4122 ar·
792 4072 949 4140 praefectus]
970 4090 1008 4126 sc.
1021 4074 1081 4126 alac
1094 4076 1224 4141 equitum,
1244 4075 1321 4125 cuius

155 4146 369 4213 manutenent,
389 4150 634 4213 abdictumc.57,
653 4150 680 4201 6.
756 4152 843 4202 maior
866 4157 924 4204 erat
949 4152 1069 4219 dignitas
1096 4169 1177 4220 quarn
1201 4155 1323 4206 tribuno-

189 4230 294 4298 errrore]
319 4233 337 4284 i.
361 4249 385 4283 e.
410 4232 503 4283 officia
527 4232 603 4284 ducis
626 4235 715 4294 obire;
757 4244 826 4280 rum·

154 4310 191 4363 ci.
221 4311 282 4376 Iug.
306 4309 349 4374 40,
375 4313 401 4362 7.
430 4311 478 4375 57,
502 4310 527 4362 3.
557 4311 606 4377 00,
637 4314 660 4370 1,
691 4314 717 4367 5.
792 4309 872 4380 meos]
889 4312 1050 4385 Germanice
1064 4315 1321 4379 estparsontietmf.

156 4385 219 4452 100,
236 4390 263 4448 ²·
370 4383 372 4387 ’
760 4388 821 4458 Iug.
839 4390 886 4455 tt,
908 4389 931 4442 l.
