3028 4852
338 289 386 336 DE
407 289 587 340 succussu
609 289 763 340 scalenus
786 293 831 340 ΕΤ
853 293 1002 342 DICENDI
1024 295 1176 346 GENERE.
1303 287 1343 350 23

172 465 223 507 res
244 445 331 508 modo
350 447 508 526 spectavit,
536 465 590 509 eae
612 448 715 529 quales
737 457 855 527 essent,
883 467 940 510 non
964 452 1067 531 quales
1089 452 1222 516 homiues
1251 455 1279 514 in
1307 457 1342 516 iis

172 557 264 618 videri
286 557 397 618 vellent
419 559 579 637 quaesivit,
606 557 816 637 rempublicam
844 560 937 639 pluris
967 579 1051 640 quam
1080 563 1259 642 singulorum
1284 583 1341 626 am·

172 668 309 730 bitiouem
330 667 438 730 babuit.
484 669 625 745 Quantum
645 669 732 747 igitur
753 667 844 728 abluit
867 687 883 730 a
905 670 1069 732 laudatione
1093 671 1246 735 Ciceronis
1270 677 1340 734 scri-

171 777 283 857 benda,
314 787 421 840 tautum
448 778 537 840 abluit
559 781 644 839 etiam
671 778 707 839 ab
728 778 880 840 inhonesta
907 779 1013 840 invidia
1036 790 1066 840 et
1093 784 1225 862 maligno⁸
1244 803 1340 848 rerum

171 888 207 951 ab
230 906 267 950 eo
287 898 436 967 gestarum
461 888 593 967 silentio,
623 889 733 968 quippe
755 887 803 967 qui
826 889 855 948 in
879 890 974 952 'lullio
998 895 1251 957 commemorando
1275 915 1339 958 cum

170 999 284 1060 modum
308 1000 450 1076 tenuerit,
476 1017 561 1078 quem
582 1009 611 1060 11
633 1017 682 1060 res
705 998 864 1078 poscebat,
897 1009 926 1060 et
949 1001 1013 1080 ipse
1036 1021 1180 1082 nunquam
1202 1006 1339 1068 deseruit.

169 1112 243 1173 Nam
266 1119 295 1172 ut
318 1111 449 1172 veritatis
475 1109 529 1170 luit
552 1109 794 1188 studiosissimus,
821 1112 860 1170 111
888 1108 997 1190 ubique
1020 1132 1036 1173 1
1060 1114 1153 1174 nimiis
1180 1125 1210 1176 et
1235 1117 1339 1178 ludatis
1441 1197 1444 1206 Ι

169 1221 301 1282 laudibus
323 1223 409 1282 etiam
430 1219 572 1281 bonorum
596 1221 722 1281 virorum
743 1217 903 1280 abborruit.

255 1329 407 1392 Catilinam
436 1331 554 1410 excepit
576 1328 756 1409 lugurtba
789 1329 852 1390 sive
882 1328 919 1390 de
942 1330 1022 1392 bello
1051 1333 1221 1412 Iugurthino
1253 1335 1337 1415 liber,

169 1451 304 1522 quantum
335 1441 439 1504 1111111
465 1449 563 1520 potest
585 1459 623 1501 cx
652 1440 727 1502 13.
758 1440 836 1501 circa
864 1445 1027 1504 11111141
1060 1462 1086 1504 1.
1111 1442 1179 1504 (ihr.
1203 1464 1230 1504 1.
1259 1464 1337 1508 com·

168 1553 290 1632 positus.
335 1552 381 1613 Ad
411 1549 489 1630 quod
516 1551 624 1613 bellum
652 1548 836 1611 scribendum
864 1559 893 1610 ut
923 1552 1045 1612 animum
1067 1555 1249 1634 appelleret,
1279 1559 1337 1637 pri·

168 1681 243 1724 mum
262 1680 298 1723 eo
322 1663 455 1722 inductus
479 1661 606 1739 videtur,
633 1659 725 1740 quod,
757 1679 843 1739 quum
869 1661 897 1721 iu
918 1659 1068 1722 Numidiae
1091 1662 1337 1728 administratione

57 1837 60 1840 .
167 1777 307 1853 regione,
328 1772 417 1850 locis,
438 1772 557 1832 urbibus
578 1771 694 1832 curiose
715 1770 842 1848 cognitis
861 1772 1026 1832 memoriam
1044 1775 1240 1836 memorabilis
1259 1777 1337 1838 illius

167 1885 238 1946 belli
260 1883 425 1944 accuratius
446 1882 638 1958 recoluisset,
670 1880 786 1960 dignam
808 1881 957 1940 materiam
978 1880 1128 1961 iudicavit,
1153 1903 1237 1963 quam
1260 1886 1335 1947 iusto

168 2013 261 2074 opere
284 2003 432 2054 tractaret.
478 1993 570 2069 Quam
593 2009 629 2051 eo
652 1991 790 2052 libentius
818 1991 971 2070 amplexus
994 2001 1055 2070 est,
1084 1994 1162 2072 quod
1190 1995 1334 2073 intellige-

166 2103 231 2182 bat,
255 2105 283 2165 id
305 2103 413 2165 bellum
432 2120 491 2164 nou
513 2102 606 2164 solum
627 2119 724 2162 rerum
747 2100 860 2162 vicibus
882 2110 912 2162 et
933 2121 1095 2182 pugnarum
1116 2106 1270 2166 atrocitate
1292 2106 1333 2164 in·

164 2216 250 2292 signe
273 2215 383 2293 luisse,
412 2212 464 2274 scd
493 2213 578 2274 etiam
604 2230 737 2273 caussam
765 2213 931 2291 exstitisse,
961 2223 992 2275 ut
1012 2215 1124 2276 Romae
1151 2223 1188 2276 11
1220 2215 1333 2292 flerent,

165 2345 240 2406 quae
261 2325 390 2388 incensis
411 2326 534 2405 partium
560 2320 660 2382 studiis
688 2323 781 2401 primo
811 2323 970 2412 nobilitatis
994 2327 1151 2403 potentiam
1174 2325 1333 2387 labefacta·

163 2446 245 2513 rent,
277 2434 381 2496 deiude
404 2452 441 2494 eo
470 2433 598 2494 insaniae
621 2431 888 2513 progrederentur,
918 2445 947 2494 ut
975 2434 1104 2495 lacerata
1125 2435 1213 2496 bellis
1244 2435 1332 2495 civili-

163 2547 217 2607 bus
238 2544 406 2625 respublica
434 2553 583 2623 postremo
607 2553 768 2604 corrueret.
820 2544 866 2605 Ad
893 2563 1012 2624 quarum
1035 2563 1130 2605 rerum
1159 2545 1332 2624 explicatio·

162 2675 227 2716 nem
250 2673 336 2735 quum
360 2654 514 2715 Sallustius
536 2653 647 2732 ingenii
669 2653 712 2713 sui
736 2661 836 2712 natura
858 2654 1000 2732 ferretur,
1029 2655 1117 2716 111111
1145 2658 1330 2736 perspicitur,

163 2786 214 2829 cur
240 2765 282 2826 illi
309 2763 418 2825 bellum
447 2763 644 2842 Iugurthinum
672 2762 807 2822 idoneum
838 2763 939 2824 studiis
972 2765 1031 2826 suis
1061 2775 1258 2844 argumentum
1291 2769 1330 2828 vi·

160 2877 287 2939 deretur.

244 2985 290 3046 De
312 2984 441 3044 auctoris
460 2981 588 3042 lontibus
614 2981 812 3061 historiaeque
836 2982 898 3042 eius
923 2983 994 3044 belli
1019 2980 1188 3044 condendae
1213 2982 1328 3043 admini-

161 3096 234 3156 culis
256 3096 331 3156 hacc
352 3092 416 3153 iere
437 3089 583 3171 probabili
607 3091 775 3152 coniectura
797 3091 930 3153 videntur
949 3093 1006 3152 dici
1029 3110 1128 3172 posse.
1173 3092 1255 3152 Actis
1278 3111 1328 3172 pu·

160 3205 246 3266 blicis
269 3214 298 3265 et
319 3205 526 3282 imperatorum
548 3201 584 3262 ad
607 3211 736 3262 senatum
758 3203 854 3262 missis
879 3202 982 3263 litteris
1004 3202 1041 3262 de
1064 3201 1152 3262 rebus
1179 3203 1208 3262 in
1227 3202 1327 3264 Africa

159 3315 251 3394 gestis
280 3313 355 3376 haud
382 3310 469 3372 dubie
502 3311 624 3392 plurima
658 3311 894 3390 continebantur,
933 3312 1037 3392 quibus
1067 3321 1200 3391 tanquam
1229 3313 1327 3374 lunda·

157 3433 256 3486 mento
292 3431 429 3486 accurata
466 3421 580 3482 illorum
619 3432 782 3502 temporum
816 3421 975 3502 descriptio
1017 3425 1179 3502 superstrui
1214 3433 1326 3503 posset.

158 3535 314 3595 Praeterea
337 3532 540 3594 nonnullorum
568 3533 721 3594 exstabant
744 3532 824 3610 libri,
855 3532 957 3594 eadem
981 3525 1114 3612 tempora
1137 3534 1324 3610 attingentes,

157 3663 277 3723 quorum
306 3652 444 3704 auctores
478 3641 553 3703 baud
580 3645 703 3720 exiguas
733 3645 761 3704 in
794 3644 846 3705 illo
878 3643 958 3704 bello
990 3651 1089 3722 partes
1122 3644 1323 3702 sustinuerant.

156 3752 202 3812 1111
223 3771 261 3813 11
282 3770 394 3831 genere
416 3751 691 3814 111111111111111.
714 3755 817 3814 Scauri
836 3753 902 3814 libri
925 3762 986 3812 tres
1009 3752 1045 3812 de
1067 3750 1124 3812 vita
1145 3753 1236 3830 ipsius
1257 3759 1322 3810 acta

157 3861 236 3943 (Cic.
255 3861 333 3922 Brut.
353 3862 409 3937 29,
436 3862 540 3941 112),
563 3864 611 3941 qui
632 3864 732 3943 primis
753 3863 823 3925 belli
846 3865 928 3924 annis
951 3863 1088 3939 avaritia,
1106 3861 1197 3938 dolo,
1220 3861 1323 3922 astutia

156 3991 241 4060 quam
260 3972 382 4032 manime
403 3972 560 4050 lugurtbae
580 3973 669 4034 rebus
688 3974 853 4053 implicatus
875 3983 946 4034 erat.
990 3973 1062 4034 ltem
1081 3971 1112 4031 Ρ.
1131 3972 1228 4032 Rutilii
1245 3971 1322 4048 Rufi,

154 4084 208 4142 viri
233 4081 445 4160 honestissimi,
483 4083 662 4160 integerrimi
698 4092 727 4143 et
754 4082 840 4152 valde
869 4083 964 4159 docti,
993 4085 1040 4160 qui
1068 4080 1178 4142 11111111
1207 4080 1322 4158 legatus

154 4193 221 4270 luit,
245 4191 311 4252 libri
333 4192 513 4253 habebantur
536 4191 572 4251 de
596 4210 646 4252 sua
668 4193 726 4253 vita
747 4193 848 4271 scripti
871 4193 980 4274 (lacit.
1003 4193 1106 4270 Agric.
1128 4189 1189 4268 1.),
1217 4189 1322 4268 quibus

155 4311 383 4362 consentaneum
407 4311 451 4362 est
473 4303 558 4364 etiarn
579 4301 623 4361 dc
645 4303 788 4362 universis
810 4303 921 4363 bletelli
943 4291 1031 4362 reb'us
1053 4303 1081 4361 in
1104 4299 1205 4360 Africa
1227 4300 1321 4378 gestia
