3092 4850
382 293 627 342 maronianum
656 293 884 342 rnnonunun.
907 295 976 341 nra.
999 295 1049 344 111.
1078 297 1132 344 ro.
1151 292 1176 344 1.
1308 286 1368 348 293

193 451 338 529 publicam
371 452 437 512 iuso
472 451 637 530 sanguine?
683 452 804 512 Fessus·
830 451 988 512 scribundo
1020 453 1221 533 mittundoque
1252 454 1369 530 legulos

193 565 286 622 omnis
307 581 382 643 opes
404 573 433 624 et
455 581 526 642 spes
549 564 678 644 privatas
701 581 782 624 meas
802 547 984 643 consumpsi,
1008 582 1093 643 quunr
1112 567 1226 625 interim
1250 564 1369 626 avobis

160 689 244 754 3par
269 675 421 752 triennium
443 677 493 735 vix
516 691 626 736 annuns
652 684 783 754 sumptus
806 673 889 734 datus
916 683 971 735 est.
1015 674 1072 734 Per
1094 676 1167 737 deos
1190 676 1368 738 immortalis

196 793 291 844 ulrum
321 786 449 846 censebis
475 804 522 845 me
548 785 642 844 vicem
665 787 761 846 aerari
789 759 956 865 praestare,
984 804 1020 845 an
1042 789 1201 848 exercitum
1225 790 1287 848 sine
1311 788 1369 848 iru-

161 909 177 958 4
203 904 300 956 monio
322 905 350 956 ei
371 896 515 976 stipendio
537 895 648 958 babere
670 894 781 976 posse?
824 896 966 974 Equidem
989 896 1085 957 faleor
1106 916 1152 958 me
1175 899 1210 960 ad
1232 898 1290 958 boc
1310 898 1370 959 bel-

193 994 251 1066 lum
279 1009 388 1069 maiore
415 1009 509 1069 studio
543 1026 628 1086 quam
658 1007 781 1068 consilio
817 1008 997 1086 proieclum;
1033 1010 1142 1088 quippe
1175 1011 1223 1088 qui
1254 1010 1369 1070 nomine

194 1121 282 1181 modo
305 1123 408 1200 imperi
433 1140 449 1180 a
472 1119 556 1180 vobis
574 1127 702 1197 accepto
726 1118 829 1178 diebus
853 1117 1043 1197 quadraginta
1073 1121 1234 1180 exercitum
1257 1122 1368 1200 paravi,

195 1231 348 1309 hostisque
372 1233 400 1291 in
428 1227 594 1290 cervicibus
615 1229 670 1287 iam
688 1228 789 1290 ltaliae
814 1230 929 1306 agensis
952 1229 988 1289 ab
1008 1228 1134 1310 Alpibus
1157 1231 1184 1289 in
1202 1231 1370 1320 Hispaniam

196 1344 346 1402 summovi.
392 1341 449 1401 Per
475 1359 526 1400 eas
554 1342 609 1399 iler
639 1339 716 1399 aliud
747 1348 834 1417 atque
862 1339 1021 1417 Hannibal,
1049 1341 1134 1401 nobis
1168 1341 1370 1421 opportunior,

163 1450 337 1531 opaleieci.
381 1451 495 1530 Recepi
529 1450 665 1526 Galliam,
696 1450 891 1527 Pyrenaeum,
919 1451 1118 1530 Lacetaniam,
1152 1452 1307 1529 Indigetis,
1341 1461 1370 1511 et

197 1562 318 1641 primum
341 1562 478 1642 impeturn
499 1561 611 1631 Sertori
635 1561 757 1620 victoris
785 1561 869 1620 noris
884 1559 1028 1620 'militibus
1057 1573 1086 1623 et
1113 1563 1201 1624 mullo
1226 1563 1369 1642 pauciori-

196 1669 250 1730 bus
270 1673 405 1749 suslinui,
435 1673 617 1751 hiememque
643 1672 745 1732 castris
773 1671 847 1731 inter
876 1673 1073 1732 saevissumos
1095 1674 1206 1751 boslis,
1235 1692 1292 1733 non
1317 1691 1370 1752 per

157 1795 178 1846 ,6
196 1783 304 1862 oppido
326 1802 422 1862 neque
445 1803 483 1844 err
506 1773 661 1844 ambitione
683 1801 747 1843 mea
773 1783 831 1858 egi.
878 1780 952 1856 Quid
974 1781 1040 1840 dein
1070 1783 1183 1862 proelia
1210 1793 1257 1844 aul
1280 1801 1370 1862 expe·

196 1893 320 1953 diliones
340 1893 493 1970 hibernas,
515 1892 623 1973 oppida
644 1894 743 1953 excisa
764 1901 812 1951 aul
830 1901 951 1972 reeepla
972 1892 1159 1954 enumerem?
1191 1894 1305 1973 quando
1321 1912 1370 1953 res

197 2003 262 2082 plus
290 2002 368 2062 volet
396 2023 480 2083 quam
511 2003 611 2063 verba.
658 2001 760 2062 Castra
789 2003 914 2063 hostium
944 2005 1019 2084 opud
1043 2005 1203 2065 Sucronem
1233 2013 1318 2085 capla
1342 2013 1370 2064 et

197 2113 340 2193 proelium
362 2115 438 2194 apud
456 2116 560 2175 llumen
578 2113 691 2173 Turiam
711 2121 740 2171 el
760 2113 817 2172 dux
838 2112 963 2173 hostiurn
984 2112 1017 2173 C.
1033 2116 1196 2175 Herennius
1213 2133 1277 2174 cunr
1297 2114 1369 2173 urbe

196 2224 332 2286 Valentia
352 2235 381 2285 et
403 2227 534 2286 exercitu
556 2224 645 2284 deleli
666 2224 736 2284 salis
760 2223 838 2285 clara
862 2223 945 2284 vobis
968 2233 1048 2296 sunt;
1070 2242 1123 2304 pro
1147 2229 1229 2305 quis,
1253 2243 1270 2285 o
1294 2225 1369 2302 graii

232 2409 340 2478 annuam]
361 2414 380 2465 i.
400 2430 423 2465 e.
442 2413 470 2462 in
488 2427 572 2464 unum
587 2425 687 2462 annum
706 2411 762 2461 sui·
805 2411 883 2462 ninas
907 2411 980 2462 baud
1005 2413 1099 2476 procul
1128 2415 1162 2465 ab
1187 2414 1313 2468 Rhodani
1338 2429 1370 2464 ac

197 2489 302 2542 ficiens.
805 2489 896 2540 Ticini
912 2490 1042 2542 fontibus.

232 2571 257 2631 ξ.
277 2569 302 2619 3.
326 2570 402 2618 uicem
424 2571 516 2619 noram
529 2563 679 2632 praestare]
700 2563 718 2614 i.
738 2578 762 2612 e.
841 2571 866 2630 ξ.
889 2569 914 2618 5.
937 2573 1041 2632 prinum
1065 2572 1178 2634 impeturn
1202 2567 1266 2634 ela]
1290 2585 1316 2618 v.
1336 2565 1370 2616 ad

197 2647 297 2696 mercurii
313 2648 367 2695 Ioco
386 2653 460 2705 esse?
480 2647 537 2697 sive
559 2649 637 2709 ipsum
654 2652 764 2707 scorpius
807 2645 881 2696 Hist.
898 2646 943 2696 Fr.
963 2647 1003 2708 ΙΙ,
1023 2647 1066 2697 21.

196 2725 377 2790 suppeditare,
399 2728 443 2788 qui
464 2740 499 2774 ecc
517 2727 620 2774 aerario
642 2724 763 2788 suppedi-
842 2728 865 2770 ei
882 2720 967 2788 mullo]
984 2724 1062 2772 Dect
1078 2723 1214 2788 particula
1232 2737 1259 2772 v.
1275 2719 1310 2769 ad
1322 2721 1368 2769 Fr.

197 2805 250 2853 lori
263 2801 396 2852 debebant.
471 2856 473 2860 ,
806 2798 828 2860 Ι,
847 2797 890 2860 56,
911 2800 935 2849 1.

233 2882 258 2940 §-
275 2879 300 2928 4.
319 2880 415 2927 nominc
431 2877 502 2926 niodo
520 2875 619 2942 imperi]
636 2877 654 2926 i.
673 2893 695 2925 o.
714 2876 772 2924 im-.
841 2873 945 2940 castris]
967 2875 1003 2927 cf.
1026 2876 1085 2940 Iug.
1104 2879 1148 2939 44,
1166 2878 1190 2926 4.
1212 2873 1320 2924 Albinus
1337 2898 1371 2907 -

198 2959 273 3021 perio
303 2957 362 3007 nine
394 2955 523 3006 exercitu.
567 2955 600 3004 Id
628 2971 683 3005 non
718 2971 764 3005 ve·
804 2954 893 3002 milites
912 2954 1043 3002 stativis
1065 2955 1195 3002 contris
1217 2949 1368 3000 babebat.

198 3052 257 3085 rurn
280 3051 340 3086 esee
363 3037 440 3100 patet
464 3047 496 3082 cx
517 3031 590 3082 Plut.
617 3033 644 3081 in
668 3034 762 3098 Pomp.
840 3033 906 3080 inter
918 3033 1082 3081 saevissumos
1100 3029 1189 3095 bostis]
1211 3046 1248 3080 ec.
1266 3029 1370 3078 inVac-

200 3129 223 3164 o.
246 3113 286 3162 17.
805 3108 894 3168 ceeis3
914 3108 949 3158 cf.
969 3107 1041 3157 Plul.
1063 3108 1091 3156 in
1110 3108 1179 3158 Seri.
1200 3124 1224 3157 o.
1243 3105 1298 3174 21.Δ

235 3196 326 3258 quippo
351 3195 443 3256 qui-
464 3186 568 3254 paravi]
595 3205 622 3239 v.
647 3188 682 3237 ad
702 3187 762 3237 eat.
840 3203 919 3252 neque
931 3203 966 3236 esc
977 3185 1108 3236 ambitione
1119 3186 1183 3252 nucu]
1196 3185 1303 3235 Ambitio
1312 3198 1371 3248 per-

200 3271 244 3333 48,
263 3273 288 3320 2.
805 3267 875 3316 tinet
891 3266 926 3315 ad
944 3265 1106 3315 obtinendos
1121 3281 1137 3314 e
1155 3261 1369 3330 provincialibus

234 3352 260 3398 in
278 3345 414 3397 cervicibus
427 3373 462 3381 -
474 3341 581 3410 aperilis]
600 3343 616 3391 i.
638 3358 660 3392 e.
680 3356 763 3406 prope
805 3345 921 3395 honores
940 3348 967 3394 ei
983 3341 1066 3393 'vario
1087 3342 1238 3393 officiorum
1260 3355 1369 3406 genera,

199 3425 371 3477 imminentes
383 3426 409 3472 et
418 3422 453 3471 ad
466 3421 763 3486 irrumpendumprom-
805 3423 903 3488 quibus
922 3420 974 3471 coli
992 3420 1149 3486 gaudebant
1172 3419 1371 3486 provinciarum

200 3509 262 3568 ptos
279 3505 462 3566 paratosque3
482 3498 590 3550 chiV.
609 3497 698 3559 XXII,
718 3495 761 3560 33,
806 3505 925 3551 rectores
951 3503 979 3548 et
1002 3499 1193 3564 imperatorem
1219 3499 1255 3549 cf.
1278 3495 1368 3547 Tacit.

200 3583 225 3632 o.
244 3579 348 3631 Eodem
365 3593 447 3628 sensu
465 3577 526 3628 Cat.
542 3578 584 3638 52,
603 3577 645 3626 24.
663 3577 763 3625 dicitur
805 3579 897 3644 Agric.
917 3593 940 3627 c.
962 3577 1002 3627 18.
1023 3577 1199 3629 —Ceterum
1221 3577 1367 3641 Pompeius

198 3676 279 3724 supra
298 3666 374 3721 copul
393 3673 458 3707 esre.
479 3683 514 3693 -
532 3654 657 3705 Ceterum
679 3655 763 3705 verba
807 3660 915 3722 oblique
929 3656 1018 3721 carpit
1030 3657 1183 3719 Metellum,
1204 3656 1249 3720 qui
1261 3671 1307 3719 per
1321 3669 1367 3716 op-

199 3753 272 3788 vana
291 3740 365 3796 sunt;
391 3749 455 3784 nam
471 3731 512 3782 illi
535 3733 619 3782 bootes
640 3735 666 3781 in
684 3735 764 3782 eeroi-
806 3738 870 3802 pido
886 3734 962 3783 luxui
980 3735 1175 3800 etvambitioni
1197 3730 1369 3796 indulgebel3

200 3817 326 3866 cibariam
336 3815 430 3863 Italiae
440 3819 542 3876 apenleo
554 3827 607 3859 non
620 3811 763 3869 abierant,
811 3816 846 3865 cf.
865 3813 911 3861 Fr.
930 3811 969 3872 11,
988 3809 1029 3859 29.

201 3909 282 3959 quam
299 3894 445 3940 montanae
460 3887 711 3951 quaedamgeniee,
732 3886 764 3936 de
842 3893 866 3952 §-
887 3889 912 3939 6.
940 3883 1050 3953 quando]
1075 3899 1101 3932 v.
1127 3882 1162 3932 ad
1183 3883 1243 3946 Iug.
1266 3881 1324 3942 102,
1344 3881 1369 3932 o.

200 3971 314 4036 Alpibus
325 3969 548 4017 intranseuntem
561 3966 707 4014 exercitum
721 3965 766 4014 hie
842 3973 928 4016 castro
945 3965 1048 4013 bosnam
1066 3962 1136 4024 apud
1150 3960 1285 4009 Sucronem
1303 3959 1370 4025 etc]

200 4048 257 4099 illie
277 4049 407 4111 impetum
428 4044 560 4094 facientes
585 4043 696 4107 eiusque
713 4042 766 4091 iter
807 4045 840 4094 In
859 4043 939 4093 rebus
958 4041 1021 4092 anni
1040 4041 1082 4089 75.
1102 4054 1128 4088 a.
1144 4038 1205 4088 Chr.
1227 4054 1252 4088 n.
1269 4051 1371 4086 memo-

201 4125 337 4176 inlerdum
355 4125 501 4172 morantes.
807 4123 900 4173 randis
923 4120 1068 4184 Pompeius
1097 4133 1151 4166 non
1176 4117 1276 4166 iustum
1300 4113 1371 4164 ordi·

237 4205 286 4255 iter
302 4203 373 4266 aliud
388 4210 463 4267 utque
481 4196 621 4264 Hannibal]
641 4197 765 4262 Appiano
808 4215 868 4249 nem
888 4197 1021 4263 aequitum
1040 4210 1101 4243 nam
1122 4209 1193 4258 queo
1210 4193 1297 4257 prima
1317 4191 1369 4240 fuit

203 4287 316 4334 auctore
340 4282 374 4331 de
395 4282 426 4331 B.
452 4279 483 4330 C.
508 4279 531 4340 I,
559 4276 617 4327 109.
643 4277 766 4340 Pompeii
808 4291 898 4341 pugna
909 4274 979 4339 apud
991 4274 1132 4321 Valentiam
1142 4270 1225 4335 (Plul.
1239 4270 1368 4332 inPomp.

201 4362 255 4410 iter
273 4359 326 4408 fuit
339 4360 410 4408 inter
423 4357 505 4422 Alpes
519 4357 638 4408 Graecas
657 4358 684 4404 el
698 4354 767 4403 Pen-
808 4371 832 4405 c.
859 4351 922 4419 18.),
947 4366 1006 4402 eam
1030 4352 1166 4416 postremo
1191 4348 1257 4398 -looo
1282 4345 1369 4410 afferi,
