3070 4852
252 299 312 360 190
657 311 687 360 c.
712 313 880 362 sunonem
904 314 1015 364 entem

249 483 324 526 nece
353 464 486 526 iudicium
511 466 645 544 fugerat,
680 467 759 547 quod
787 471 813 529 ei
840 487 895 547 per
921 485 1081 534 maxumam
1104 475 1266 534 amicitiam
1299 491 1423 534 maxum

251 579 337 655 copia
364 575 483 638 fallendi
507 586 584 654 erat,
609 577 705 638 multis
735 579 994 657 pollicitationibus
1018 583 1197 660 aggreditur.
1257 585 1311 644 Ae
1341 587 1423 664 primo
1460 554 1463 585 ²

250 688 355 764 eflicit,
384 697 413 748 ut
434 687 470 748 ad
491 707 524 748 se
548 687 736 766 colloquendi
758 691 852 767 gratia
876 692 1009 754 occultus
1030 695 1142 764 veniam
1171 693 1242 754 dein
1270 695 1335 754 fide
1358 694 1423 768 data,
1462 724 1464 733 ·

250 799 274 856 si
295 798 461 876 Iugurtham
478 799 572 858 vivum
594 806 642 859 aut
662 809 794 860 necatum
816 801 872 862 sibi
893 802 1074 882 tradidisset,
1102 805 1184 881 iore,
1215 813 1251 864 ut
1280 805 1329 864 illi
1351 821 1423 862 sena·

248 919 294 970 tus
318 910 511 988 impunitatem
530 918 559 968 et
579 927 629 969 sua
651 911 744 970 omnia
768 909 958 991 concederet,
980 915 1068 976 facile
1088 895 1228 975 Numidae
1253 914 1441 994 persuadeto

251 1038 335 1098 quum
358 1021 475 1098 iugenio
494 1020 598 1097 infido,
619 1029 677 1080 tum
701 1022 853 1099 metuenti,
875 1041 928 1101 ue,
952 1025 975 1106 si
995 1043 1053 1103 pax
1077 1044 1141 1085 cum
1162 1026 1316 1086 Romanis
1339 1026 1422 1098 lieret,

250 1133 314 1210 ipse
338 1149 392 1212 per
415 1130 603 1192 condiciones
625 1129 661 1190 ad
683 1132 855 1211 supplicium
878 1133 1050 1196 traderetur.
1190 1109 1200 1127 ’

332 1241 420 1304 LXlI.
464 1241 505 1318 le,
533 1241 581 1300 ubi
602 1242 723 1320 primum
746 1253 939 1322 opportunum
962 1246 1028 1322 luit,
1055 1245 1221 1324 Iugurtham
1244 1247 1371 1308 anxium
1393 1259 1420 1302 ac

250 1354 433 1412 miserantem
455 1352 584 1412 fortunas
612 1370 679 1413 suas
703 1352 833 1421 accedit;
862 1363 959 1414 mouet
987 1364 1074 1434 atque
1102 1355 1272 1418 lacrumans
1300 1355 1420 1414 obtesta-
1467 1391 1468 1394 κ

250 1471 311 1539 tur,
342 1461 546 1539 utaliquando
570 1461 623 1520 sibi
649 1461 808 1541 liberisque
832 1472 861 1522 et
882 1465 963 1540 genti
982 1465 1184 1544 Numidarum,
1216 1475 1346 1546 optume
1371 1479 1419 1520 tte

250 1574 339 1649 renti,
369 1571 535 1651 provideam
572 1572 704 1641 omnibus
735 1573 855 1652 proeliis
891 1593 959 1634 sese
987 1577 1101 1654 victos,
1134 1595 1236 1655 agrum
1270 1583 1419 1644 vastatum

250 1683 355 1744 multos
379 1682 507 1742 mortalis
534 1691 637 1763 captos
662 1693 709 1744 aut
739 1685 872 1760 occisos,
907 1686 993 1762 regni
1016 1703 1091 1764 opes
1116 1688 1316 1748 comminutas
1345 1701 1416 1748 essm

250 1796 320 1854 setis
350 1813 441 1874 saepe
463 1796 516 1854 iam
548 1803 576 1854 et
605 1795 736 1854 virtutem
758 1793 877 1854 militum
906 1803 935 1854 et
956 1795 1099 1856 fortunam
1120 1806 1278 1867 tentatam
1314 1800 1415 1866 caveat

221 1982 224 1987 .
251 1924 287 1966 ue
310 1906 360 1966 illo
391 1914 544 1966 cunctante
565 1903 706 1966 Numidae
735 1903 790 1964 sibi
820 1904 982 1964 cousulant.
1026 1906 1078 1966 llis
1107 1915 1193 1986 atquc
1222 1907 1338 1968 talibus
1361 1887 1433 1964 attint

248 2015 285 2076 ad
308 2016 481 2076 deditionem
501 2018 581 2094 regis
604 2017 726 2076 animum
752 2013 885 2093 impellit.
929 2015 1076 2077 Nittuutur
1096 2017 1132 2078 ad
1151 2021 1363 2097 imperatorem
1381 2011 1431 2072 tet

249 2129 326 2204 gati,
346 2129 394 2207 qui
409 2126 574 2205 Iugurtham
592 2130 731 2206 imperata
748 2126 890 2185 iacturum
907 2125 1052 2205 dicerent,
1071 2147 1106 2188 ac
1122 2130 1184 2188 sine
1203 2129 1262 2190 ulla
1284 2128 1413 2208 pactione

250 2257 317 2298 sese
344 2257 523 2316 regnumque
551 2255 632 2297 suum
664 2236 691 2294 in
723 2235 801 2295 illius
832 2235 917 2294 fidem
946 2237 1072 2298 tradere.
1122 2239 1259 2302 Metellus
1293 2237 1430 2319 properel

252 2357 374 2408 cunctos
401 2349 540 2408 senatorii
567 2347 676 2408 ordinis
698 2365 735 2406 ex
761 2345 890 2406 hibernis
920 2349 1057 2408 arcessiri
1078 2349 1173 2420 iubet;
1202 2370 1308 2411 eorum
1335 2357 1411 2425 atque

177 2451 183 2459 ’
250 2457 387 2534 aliorum,
416 2443 493 2534 ¹quos
515 2456 638 2517 idoneos
664 2457 803 2536 ducebat,
832 2456 983 2517 consilium
1008 2457 1105 2518 habet.
1149 2459 1191 2520 lta
1217 2480 1304 2522 more
1334 2455 1429 2519 main-5

249 2585 310 2628 rum
330 2585 368 2626 ex
386 2566 489 2628 consili
510 2567 630 2630 decreto
653 2587 706 2648 per
726 2568 841 2645 legatos
863 2566 1019 2644 Iugurthae
1040 2571 1163 2649 imperat
1183 2575 1300 2650 argenti
1322 2566 1409 2650 pondo

250 2677 372 2738 ducenta
392 2676 487 2756 milia,
518 2677 692 2758 elephantos
716 2679 823 2754 omnis,
854 2695 995 2756 equorum
1017 2688 1046 2738 et
1067 2698 1210 2742 armorum
1230 2682 1408 2762 aliquantum.

252 2790 332 2864 Quae
353 2797 506 2869 postquam
528 2790 591 2848 sine
609 2807 691 2850 mora
712 2789 790 2850 iacta
813 2797 893 2864 suut,
922 2787 1000 2848 iubet
1023 2792 1116 2850 omnis
1136 2773 1277 2872 perfugas
1304 2793 1426 2852 vinctoat

284 2977 406 3041 efacere
420 2977 545 3026 Numidae
557 2975 707 3042 persuadet]
728 2993 766 3028 se.
782 2981 812 3025 ut
853 2977 948 3038 χεῖρας
974 2966 1126 3042 ἄπέτεμνε,
1155 2969 1223 3036 τούς
1248 2973 1280 3028 da
1313 2972 1341 3036 ἐς
1364 2964 1407 3035 τὴν

250 3055 279 3105 id
295 3055 424 3120 perficere
438 3059 559 3108 conetur.
853 3051 906 3117 γῆν
924 3049 1004 3118 μέχρι
1027 3047 1146 3119 γαστρὸς
1168 3050 1346 3122 κατώρυσσε,
1368 3045 1408 3144 apd

285 3135 374 3186 LXII
405 3134 428 3186 l.
466 3129 612 3198 aliquando]
646 3129 814 3195 Praegnauti
853 3120 1086 3194 περιιοξεύων
1067 3148 1084 3220 tp
1108 3123 1330 3196 ἕςακονιίζωΝ
1313 3151 1353 3188 est
1372 3121 1408 3194 ἔμ-

174 3241 175 3244 =
251 3225 332 3260 sensu
349 3215 391 3259 est
410 3211 509 3259 tandem
529 3210 676 3274 aliquando:
696 3207 732 3259 cl
749 3205 811 3259 Cat
855 3206 972 3256 πνέουσι
991 3205 1049 3273 πῦρ
1068 3199 1208 3262 ὑπετίθει.

251 3291 293 3350 52,
313 3290 337 3340 5.
363 3287 423 3351 Ing.
446 3288 492 3349 14,
512 3288 554 3336 21.
574 3285 638 3348 102,
658 3289 683 3338 5.
891 3293 915 3344 8.
941 3296 977 3344 nd
999 3297 1180 3365 nuperandum]
1203 3299 1327 3352 Subiecti
1343 3293 1408 3348 inde-

284 3367 327 3414 illo
346 3363 487 3429 cunctante]
506 3380 532 3416 v.
554 3364 589 3414 ad
608 3364 668 3428 lug.
688 3361 712 3424 8,
733 3363 759 3412 2
855 3372 940 3434 finiti,
958 3373 1029 3422 unde
1048 3375 1207 3439 gerundium
1220 3378 1329 3443 pendet,
1347 3370 1406 3424 ratio

285 3441 334 3490 ”bi
350 3441 489 3507 ⁶⁰⁷²⁸²lla⁷²²l
508 3460 546 3496 ⁵0
564 3439 834 3499 d0f00i10110f³0i⁸
856 3451 937 3502 facule
948 3453 1112 3517 perspucutur
1124 3471 1156 3505 ex
1174 3445 1323 3508 vernadula
1337 3456 1407 3505 iuter-

252 3536 305 3585 quo
323 3534 417 3583 pacem
437 3521 490 3570 sibi
508 3537 524 3570 a
542 3521 670 3571 Romanis
689 3521 794 3584 parent.
855 3529 955 3594 pretat·
948 3545 1023 3579 wne:
1050 3531 1105 3593 „da
1123 3547 1165 3595 er
1190 3551 1228 3582 um
1248 3535 1294 3584 {pm
1312 3527 1406 3594 Beselle

286 3595 312 3647 3·
332 3596 602 3663 imperutafacturnm]
629 3597 755 3648 solennis
770 3594 814 3644 de·
854 3623 885 3655 zu
903 3607 1036 3670 crtlteilen,
1057 3609 1126 3658 nach
1152 3611 1286 3662 Tisidium
1302 3607 1406 3661 beroien

250 3676 362 3725 ditionis
381 3676 510 3739 formula3
529 3678 565 3730 cf.
583 3668 644 3741 Ing.
666 3675 709 3737 46,
724 3677 749 3726 5.
770 3676 813 3738 77,
855 3683 977 3732 wurdefl
995 3683 1322 3740 Pleniorsententiaest·
1335 3696 1406 3752 qurum

250 3754 408 3818 3.112,2.
749 3811 755 3823 ,
854 3762 926 3825 ipse,
946 3776 993 3825 quo
1011 3761 1129 3813 Metellus
1147 3780 1170 3813 et
1181 3766 1327 3828 tmperaret
1345 3760 1404 3813 Tisi·

286 3838 527 3905 5.moremaiorum]
541 3837 814 3902 coniungendahaee
856 3839 927 3887 dium
951 3843 1105 3889 vocaretur.
1135 3841 1170 3892 cf.
1200 3842 1257 3894 Cic.
1285 3845 1351 3909 Epp.
1376 3833 1404 3886 ad

250 3935 311 3970 cum
338 3918 430 3970 verbis
453 3935 489 3968 eac
513 3917 600 3965 consili
628 3916 745 3974 decreto,·
775 3916 811 3968 ci.
854 3917 957 3966 Famm.
985 3915 1039 3980 IX,
1064 3919 1111 3980 25,
1138 3917 1163 3970 3.
1193 3919 1266 3969 Nunc
1290 3923 1350 3970 ades
1370 3911 1405 3963 ad

249 3999 310 4062 Ing.
331 3995 378 4058 29,
397 3996 422 4048 5.
445 3993 507 4056 tot,
530 3993 553 4041 l.
854 3998 864 4045 i
874 4003 924 4057 mp
935 3997 1136 4058 erundum,
1160 4000 1199 4046 uel
1222 4001 1258 4049 od
1275 3995 1403 4064 parendum

285 4069 447 4139 aliquruntum]
469 4089 495 4120 v.
516 4071 551 4120 od
566 4070 626 4121 eat.
647 4069 678 4130 8,
697 4070 723 4119 2.
849 4073 942 4134 potius.

287 4153 463 4201 7.-eorum
475 4145 587 4211 adducti]
606 4145 670 4197 De
663 4146 697 4194 uit
710 4145 747 4195 ci.
760 4144 814 4208 Ap·
886 4145 1000 4212 flectere]
1009 4163 1046 4197 v.
1065 4147 1100 4196 ad
1118 4147 1179 4212 Ing.
1198 4148 1228 4211 9,
1247 4149 1271 4200 3.

252 4226 325 4289 pion.
344 4226 452 4276 Numid.
472 4226 496 4275 2.
516 4220 669 4310 Θρᾷκιιςὸ
651 4217 746 4272 oinct
763 4218 813 4270 Λί-
889 4225 978 4290 digna]
997 4224 1128 4274 Absolute
1144 4227 1235 4290 posita.
1252 4229 1387 4293 vox(v.t
1374 4218 1401 4272 td

250 4315 320 4364 γυας
337 4291 513 4390 αὐτομόλους
531 4273 625 4366 taeda
641 4299 692 4366 (sc.
707 4294 814 4348 Meet·
854 4300 914 4350 Cat.
934 4301 980 4362 51,
1004 4300 1087 4364 8..)h
1107 4300 1126 4352 l.
1150 4303 1287 4368 siguificat
1303 4307 1400 4355 tamtan

251 4375 315 4439 λος)
339 4369 417 4438 παρὰ
435 4369 585 4440 Ἰογόρθα,
609 4375 668 4430 eoin
690 4371 742 4441 plu
763 4368 814 4432 τὰς
836 4375 991 4427 'sceleribus
1007 4378 1060 4426 auis
1074 4390 1190 4438 poenam.
