3070 4852
533 710 576 791 Ο.
591 713 859 794 SALLUSTI
881 712 1055 793 ORIsPI

276 895 798 1001 Hrsroumnuru
831 847 1310 1004 rasennam}

696 1097 834 1160 LIBER
858 1097 886 1160 I.

598 1451 601 1456 .
633 1391 951 1456 ARGUMENTUM.

738 1543 803 1598 Gar.
823 1547 847 1599 1.

274 1646 427 1710 Exponitur
447 1645 480 1696 de
503 1646 687 1698 Historiarum
708 1649 845 1701 scribendi
872 1649 1000 1716 consilio,
1025 1667 1058 1702 ac
1085 1649 1165 1701 simul
1188 1649 1223 1699 de
1243 1647 1379 1714 prioribus

206 1731 344 1782 historicis
364 1733 465 1799 agitur.
493 1735 538 1786 Fr.
554 1733 631 1786 1-7.

727 1836 792 1890 One.
812 1837 850 1890 11.

275 1937 400 1988 Breviter
418 1954 500 2004 supra
517 1939 663 2004 repetitur,
684 1939 780 2004 quibus
799 1942 1019 1994 contentionibus
1036 1942 1069 1993 de
1090 1941 1217 1992 libertate
1236 1945 1263 1992 ot
1279 1939 1312 1990 de
1331 1938 1377 1988 do-

206 2022 354 2074 minatione
372 2025 526 2090 respublica
542 2027 665 2075 Romana
683 2017 788 2092 agitata
807 2028 897 2078 fuerit.
932 2030 979 2080 Fr.
998 2028 1094 2080 8-15.

724 2147 790 2215 Cre.
808 2148 860 2199 ΙΙΙ.

275 2246 454 2313 Explicantur
479 2263 525 2312 ea,
550 2263 620 2314 quae
644 2251 739 2316 Lepidi
759 2253 852 2302 turbes
872 2255 1010 2316 tamquam
1029 2265 1144 2301 caussae
1161 2247 1378 2314 praecesserunt.

206 2363 239 2372 -
264 2334 370 2386 Bellum
394 2336 503 2387 sociale.
521 2363 557 2372 -
582 2335 689 2387 Bellum
713 2338 793 2389 civile
812 2340 884 2391 inter
907 2338 1023 2388 Marium
1047 2341 1074 2387 et
1098 2333 1212 2387 Sullam.
1232 2328 1378 2382 —Sullae

207 2421 352 2472 dictatura.
364 2447 398 2458 -
412 2423 517 2474 Civitas
536 2424 565 2473 vi
583 2429 612 2475 et
629 2425 872 2491 proscriptionibus
890 2425 1020 2476 lacerata.
1034 2424 1222 2489 ——Reliquiae
1240 2419 1378 2470 Mariana-

206 2525 265 2558 rum
290 2510 408 2573 partium
431 2509 459 2559 in
477 2509 572 2560 Sicilia
596 2516 623 2561 et
645 2512 739 2562 Africa
762 2528 810 2578 per
828 2513 986 2577 Pompeium
1005 2511 1156 2562 coniectae.
1192 2509 1239 2557 Fr.
1266 2504 1377 2556 16-47,

207 2593 290 2661 [Anni
308 2595 421 2648 91—78.
442 2611 468 2647 a.
489 2595 551 2650 cnr.
571 2595 610 2662 n.]

725 2699 790 2749 cm.
808 2701 857 2751 rv.
878 2673 885 2680 “

272 2799 369 2864 Lepidi
380 2799 476 2850 turbae
486 2805 513 2850 et
521 2799 622 2850 bellum
632 2801 712 2856 civile
722 2802 749 2850 in
758 2801 851 2852 Italia.
861 2802 908 2853 Fr.
913 2799 1027 2852 48-60.
1041 2798 1172 2865 [Anni'ld.
1180 2797 1222 2846 77.
1231 2810 1256 2844 a.
1266 2793 1327 2844 Chr.
1336 2789 1375 2856 n.]

731 2919 797 2969 Car.
816 2920 849 2968 V.

274 3019 379 3071 Bellum
397 3020 591 3071 Sertorianum.
609 3021 776 3071 -Sertorii
795 3020 885 3086 priora
905 3023 1035 3084 tempora.
1053 3018 1235 3070 -Sertorius
1255 3017 1283 3066 iu
1300 3017 1377 3067 Mau·

204 3109 319 3162 rutenia.
338 3135 372 3144 -
391 3108 459 3157 Cum
476 3105 618 3156 Lusitanis
637 3106 796 3157 coniunctus
814 3104 915 3155 bellum
934 3110 1035 3156 movet.
1054 3131 1087 3141 —
1105 3105 1172 3156 Eius
1189 3119 1297 3170 pugnae
1316 3117 1377 3153 cum

205 3195 289 3245 variis
309 3193 422 3244 ducibus
445 3192 575 3242 Romanis
601 3196 709 3242 etcum
727 3193 837 3244 Metello
861 3188 948 3258 nsque
967 3193 1002 3243 ad
1024 3191 1146 3257 Pompeii
1169 3192 1198 3240 iu
1215 3189 1376 3255 Hispaniam

205 3283 360 3334 adventum.
396 3279 442 3328 Fr.
461 3278 573 3330 61-83.
613 3277 695 3345 [Anni
712 3278 825 3331 83-77.
842 3295 866 3332 a.
885 3279 947 3330 Chr.
962 3279 1001 3343 n.]

725 3399 790 3451 Gar.
810 3400 858 3450 Vl.

272 3502 378 3554 Bellum
399 3505 494 3552 contra
511 3502 616 3567 piratas
636 3518 652 3552 a
673 3505 705 3557 P.
726 3503 841 3568 Servilio
861 3506 977 3570 gestum.
1013 3503 1058 3554 Fr.
1077 3501 1192 3553 84-87.
1232 3500 1314 3568 [Anni
1331 3499 1374 3550 78.

204 3594 247 3642 77.
268 3607 292 3642 a.
313 3588 376 3641 chr.
395 3586 437 3654 n.]

719 3691 784 3744 css.
805 3677 869 3744 vn.

271 3795 375 3848 Bellum
394 3796 427 3844 in
439 3793 600 3846 Macedonia
619 3799 646 3844 et
670 3794 789 3846 Thracia
808 3795 878 3858 App.
897 3790 1011 3843 Claudio
1035 3788 1151 3842 Pulchro
1170 3787 1239 3838 duco
1258 3790 1375 3852 gestum.

202 3886 247 3934 Fr.
268 3881 382 3934 88-89.
421 3877 503 3945 [Anni
521 3881 564 3930 78.
583 3883 626 3932 77.
646 3881 689 3932 76.
710 3896 735 3930 a.
757 3879 820 3930 Chr.
838 3876 878 3943 n.]

709 3999 774 4050 Car.
793 3997 871 4049 VIII.

272 4106 439 4169 Fragmenta
457 4101 610 4152 incertioris
627 4103 788 4154 sententiae.
826 4102 873 4152 Fr.
891 4098 1022 4149 90-126.
