3028 4852
311 325 359 372 os
383 324 563 374 succussu
586 325 685 390 vrrs,
709 323 858 372 incuruo
880 325 924 372 no
948 323 1112 374 nomsus.
1259 315 1299 374 15

131 485 193 546 eius
215 484 348 564 scriptis,
374 500 432 562 quo
452 481 568 543 iacilius
587 481 742 542 verborum
765 483 860 541 sonitu
881 481 957 542 inani
979 479 1136 560 obtegeret
1157 479 1299 542 laetorum

131 595 233 655 malam
256 593 377 672 lamam,
401 592 533 671 videant,
557 611 609 670 ne,
630 593 707 672 quod
728 593 766 652 ita
792 591 945 672 probatum
965 601 1047 672 eunt,
1077 593 1132 652 iam
1155 609 1210 672 pro
1233 609 1299 673 pro·

131 704 199 765 bato
223 704 366 783 habeant,
397 721 432 764 ac
455 703 538 764 simul
562 722 663 784 parum
689 706 855 785 speciosam
886 721 1017 764 caussam
1041 703 1200 782 suspicioni
1229 721 1299 764 suae

131 813 331 897 praetendant.
377 813 448 875 Nam
478 815 527 893 qui
556 814 661 874 fallere
690 814 805 875 student
834 833 868 874 ac
897 812 1057 874 simulando
1081 816 1190 894 pariter
1212 823 1300 893 atque

130 925 338 988 dissimulando
362 924 546 1003 criminibus,
576 925 680 1005 quibus
702 924 853 1002 laborant,
883 943 915 984 se
940 941 1085 1004 purgare,
1114 926 1149 985 iis
1177 926 1300 986 artilrcio

130 1037 167 1098 ad
188 1037 217 1099 id
236 1037 401 1117 composito
420 1053 495 1117 opus
516 1044 560 1096 est
582 1036 699 1096 multum
719 1053 734 1096 a
757 1036 884 1096 Sallustii
906 1035 1090 1114 simplicitate
1113 1033 1300 1113 abhorrente,

131 1149 213 1208 cuius
235 1147 311 1208 idem
333 1155 378 1206 est
401 1165 454 1226 per
474 1147 553 1208 varia
576 1147 685 1226 scripta
709 1149 810 1226 color,
832 1146 908 1208 idem
929 1144 1036 1224 ubique
1059 1146 1220 1206 honestatis
1242 1147 1299 1204 ani-

129 1267 210 1336 mus,
239 1257 310 1317 nibil
332 1266 362 1316 ut
386 1258 547 1338 quaesitum
574 1255 723 1335 videatur,
754 1257 806 1319 sed
828 1259 922 1318 omnia
948 1255 1025 1316 dicta
1052 1275 1089 1316 ex
1117 1256 1206 1316 rebus
1228 1257 1301 1334 ipsis

130 1369 306 1449 provenisse
329 1377 359 1427 et
383 1386 447 1429 cum
468 1366 558 1428 rebus
586 1385 753 1445 congruere
779 1377 931 1448 appareat.
977 1367 1063 1443 Quod
1085 1376 1178 1428 autem
1201 1367 1228 1426 in
1254 1368 1300 1444 iis,

129 1497 206 1558 quae
228 1477 292 1540 (lat.
314 1479 351 1555 3,
374 1479 404 1538 5.
427 1477 464 1538 de
487 1479 607 1558 seipse
630 1477 716 1556 dicit,
739 1478 954 1539 confessionem
978 1478 1083 1559 eulpae
1105 1489 1300 1557 cognoscunt,

129 1607 216 1669 quam
239 1606 344 1650 severa
366 1588 488 1648 aliorum
511 1605 633 1648 censura
655 1587 766 1650 diluere
794 1587 948 1667 studuerit,
979 1591 1100 1670 primum
1124 1605 1182 1648 non
1204 1587 1301 1651 uident

128 1710 178 1762 aut
208 1699 309 1760 videre
337 1699 437 1760 nolunt
467 1698 516 1760 illa
544 1699 636 1786 vepba
664 1701 748 1760 unice
777 1698 812 1760 ad
840 1700 974 1761 invidiam
1001 1718 1039 1760 ex
1068 1698 1301 1760 contentionibus

128 1813 254 1890 partium
283 1809 409 1870 civilium
432 1817 525 1870 ortam
552 1820 704 1891 spectare,
735 1827 831 1888 neque
860 1811 917 1871 ulla
945 1828 982 1870 ex
1006 1817 1089 1888 parte
1113 1807 1301 1870 demonibus

127 1920 273 1980 infamatis
296 1921 363 1998 oapi
386 1937 491 2000 posse;
520 1929 577 1982 tum
601 1941 638 1982 ne
662 1919 1019 2002 quaesiveruntquidem,
1049 1920 1190 1980 iustamne
1218 1939 1300 1980 caus-

127 2051 191 2092 sam
219 2040 248 2091 et
276 2031 483 2092 necessitatem
508 2030 641 2092 habuerit
669 2031 824 2093 Sallustius
849 2031 1029 2092 defensionis
1053 2048 1163 2090 morum
1196 2048 1299 2110 paran-

127 2143 199 2220 dae,
231 2150 275 2220 et,
305 2141 330 2200 si
352 2139 464 2219 habuit,
497 2160 561 2202 num
584 2141 715 2203 idoneam
737 2153 766 2204 et
791 2140 971 2222 probabilem
993 2143 1038 2204 sui
1061 2141 1203 2222 purgandi
1226 2143 1299 2200 viam

127 2253 235 2314 inierit.
280 2252 441 2330 Utrumque
464 2233 638 2330 negandum.
682 2252 744 2314 Nisi
774 2255 850 2314 enirn
869 2262 1025 2314 monstrum
1048 2252 1191 2331 quoddam
1217 2254 1299 2314 uitio·

127 2364 224 2424 sitatis
250 2361 316 2439 fuit,
347 2361 424 2441 quod
453 2381 489 2422 ue
521 2361 736 2425 obtrectatores
763 2363 879 2442 quidem
904 2363 1061 2441 affirmant,
1090 2363 1201 2425 etiamsi
1229 2381 1300 2423 vera

128 2481 245 2551 essent,
277 2489 398 2552 quorum
421 2473 615 2552 insimulatur,
649 2477 699 2536 vin
726 2483 842 2555 poterat
869 2475 897 2534 in
925 2474 982 2535 illis
1007 2473 1186 2552 temporibus
1215 2483 1244 2534 at
1272 2476 1299 2534 in

127 2585 181 2646 illa
199 2582 271 2644 urbe
293 2601 365 2662 prae
388 2585 497 2644 ceteris
519 2585 680 2663 flagitiosus
699 2585 807 2661 videri,
830 2593 859 2645 et
878 2603 965 2665 quum
986 2583 1166 2648 hauddubie
1187 2585 1300 2665 plurimi

128 2705 245 2774 esseut,
271 2695 320 2773 qui
343 2694 390 2754 vel
414 2693 497 2754 simili
520 2695 568 2755 vel
590 2696 680 2773 longe
702 2697 812 2756 maiore
834 2695 920 2776 culpa
943 2705 1125 2774 tenerentur,
1154 2715 1212 2758 uon
1233 2716 1299 2778 per·

129 2807 269 2890 spicitur,
293 2823 345 2867 cur
367 2804 395 2864 in
418 2805 561 2865 communi
584 2806 752 2886 corruptela
777 2808 884 2868 ceteris
908 2807 1059 2885 purgatior
1081 2805 1173 2866 videri
1193 2807 1298 2876 vellet;

128 2921 174 2979 sin
194 2935 265 2978 uero
286 2915 375 2976 nihilo
394 2917 486 2976 minus
505 2916 599 2976 lamae
622 2916 744 2977 allectae
769 2917 976 2977 consulendum
995 2925 1140 2995 putasset,
1164 2917 1298 2996 proiecto

127 3029 216 3089 homo
241 3027 375 3088 acerrimi
397 3025 509 3102 iudicii,
540 3027 648 3105 quique
670 3037 800 3088 naturam
820 3027 928 3104 ingenii
950 3025 1112 3086 mortalium
1134 3027 1298 3088 acutissime

129 3145 317 3219 perspectam
335 3135 471 3214 haberet,
495 3154 556 3196 rem
579 3153 659 3196 suam
681 3147 737 3198 tam
762 3137 837 3198 male
858 3146 995 3215 tantaque
1017 3136 1134 3196 stultitia
1156 3145 1185 3196 et
1208 3139 1298 3217 impe·
1334 3204 1339 3213 ,

125 3249 194 3310 'ritia
214 3249 342 3326 egisset,
370 3257 479 3308 utnon
507 3247 600 3306 solum
623 3247 667 3326 id,
698 3248 776 3329 quod
803 3257 955 3327 spectasse
978 3248 1122 3325 arguitur,
1144 3265 1201 3308 non
1230 3267 1298 3310 cou-

130 3368 248 3420 secutus
270 3377 338 3417 esse
360 3357 502 3437 putandus
524 3366 618 3436 esset,
646 3358 699 3420 sed
723 3361 809 3420 etiarn
832 3375 886 3439 pro
916 3359 1088 3437 vanissimo,
1118 3359 1298 3439 ineptissimo

130 3481 159 3531 ct
181 3468 429 3547 impudentissimo
452 3468 557 3529 haberi
575 3468 707 3530 deberet.

215 3580 372 3640 Possemus
390 3579 464 3641 hacc
483 3578 601 3640 uberius
623 3581 777 3661 persequi;
799 3576 854 3642 'sed
877 3581 948 3642 satis
971 3579 1076 3640 dictum
1099 3590 1170 3660 puto
1191 3567 1226 3643 a'd
1250 3583 1297 3644 de·

129 3690 345 3752 monstrandum
364 3709 465 3771 parum
486 3691 568 3751 firmo
591 3690 777 3752 fundamento
796 3691 861 3768 niti,
883 3709 957 3770 quae
977 3690 1014 3751 de
1033 3691 1161 3753 Sallustii
1180 3695 1238 3754 vita
1258 3703 1298 3754 at·

131 3820 188 3881 que
209 3800 338 3861 moribus
360 3801 613 3878 circumferuntur,
643 3802 736 3879 magis
757 3820 796 3861 ex
821 3801 983 3864 inconsulta
1007 3802 1213 3862 consuetudine
1235 3823 1298 3864 cre·

131 3910 204 3990 dita,
238 3929 323 3991 quam
352 3910 511 3972 rationibus
547 3920 576 3970 et
605 3913 693 3972 certis
725 3914 902 3990 argumentis
935 3910 1070 3972 stabilita.
1121 3913 1233 3991 Quare,
1269 3922 1300 3973 ut

132 4023 232 4102 paucis
252 4020 547 4102 comprehendamus,
572 4039 743 4102 quamquam
765 4042 822 4084 non
844 4043 878 4084 ea
899 4022 983 4083 nobis
1005 4041 1086 4083 mens
1107 4032 1166 4100 est,
1190 4032 1219 4083 ut
1236 4023 1298 4084 Sal·

130 4133 244 4194 lustium
273 4149 394 4211 prorsus
416 4141 544 4192 sanctum
569 4132 728 4209 bominem,
763 4153 861 4194 verum
892 4135 1052 4213 sapientem
1080 4143 1109 4192 et
1137 4133 1299 4211 perlectum

132 4244 253 4303 stoicum
273 4240 375 4302 baberi
396 4241 532 4318 velimus,
560 4248 655 4300 tamen
678 4243 735 4302 hoc
764 4244 834 4303 satis
856 4242 1048 4323 probabiliter
1072 4242 1236 4304 ostendisse
1258 4247 1297 4305 vi-

131 4351 248 4427 demur,
278 4350 385 4412 nullam
410 4367 542 4413 caussam
566 4367 651 4426 csse,
682 4371 733 4414 cur
760 4370 825 4412 eum
853 4355 959 4414 ceteris
982 4353 1068 4414 claris
1096 4352 1298 4432 scriptoribus,
