3070 4852
245 286 304 346 172
652 299 682 346 c.
707 298 875 346 sannusnr
898 298 1010 346 emant

242 458 308 517 dein
330 473 441 535 paucos
468 463 535 534 post
557 473 649 515 annos
671 454 773 515 eadem
796 455 1009 534 ingredientem
1030 457 1146 533 Galum,
1177 437 1337 518 tribunum¹
1367 460 1440 520 alte·

241 587 319 643 rum,
343 566 463 626 alterum
486 566 663 627 triumvirum
682 565 806 626 coloniis
829 565 1023 645 deducundis,
1048 587 1111 628 cum
1126 568 1164 628 11.
1180 567 1295 628 Ilulvio
1316 569 1438 629 Flacco

240 679 320 738 ierro
349 686 516 736 necaverat.
567 675 604 736 Et
632 695 702 736 sane
731 677 872 738 Gracchis
901 677 1036 757 cupidius
1071 680 1211 739 victoriae
1242 678 1329 750 baud
1363 682 1459 739 satist

240 781 413 848 moderatus
435 791 544 849 animus
573 789 635 848 iuit.
667 786 743 848 ·Sed
773 787 851 848 bono
886 788 962 847 vinci
995 789 1084 848 satius
1121 797 1182 864 est,
1221 807 1315 866 quam
1352 789 1457 848 malet

240 917 321 959 more
344 900 474 960 iniuriam
496 899 627 958 vlncere.
671 897 762 974 Igitur
786 916 820 958 ea
843 899 966 957 vlotorIa
989 897 1127 959 nobilitas
1150 918 1188 958 ex
1207 898 1352 959 lubidine
1382 911 1456 959 suat

238 1028 290 1070 usa
320 1010 425 1070 multos
447 1009 577 1070 mortalis
605 1008 685 1068 ierro
717 1017 765 1069 aut
793 1009 862 1085 luga
885 1009 1039 1085 exstinxit,
1067 1009 1191 1088 plusque
1217 1010 1248 1068 in
1271 1011 1432 1088 reliquum

238 1121 293 1182 sibi
315 1121 426 1180 tImoris
454 1138 539 1199 quam
569 1119 716 1197 potentiae
738 1117 855 1179 addidit.
908 1120 990 1193 Quae
1017 1137 1067 1178 res
1090 1119 1262 1198 plerumque
1298 1139 1430 1198 magnas
1482 1143 1483 1152 ¹

239 1232 372 1292 ciuitates
400 1229 615 1310 pessumdedit,
645 1228 710 1288 dum
737 1228 821 1288 alteri
851 1229 961 1288 alteros
989 1231 1109 1290 viucere
1135 1230 1240 1308 quovis
1268 1231 1369 1291 rnodo
1402 1241 1429 1290 et

238 1343 333 1400 victos
366 1340 503 1401 acerbius
531 1341 634 1400 ulcisci
666 1338 776 1398 volunt.
827 1339 886 1398 Sed
915 1339 951 1399 de
980 1340 1082 1399 studiis
1110 1340 1233 1418 partium
1262 1349 1295 1398 et
1328 1343 1449 1401 omnies

238 1451 362 1511 clvitatis
388 1451 518 1510 moribus
551 1451 574 1508 si
602 1449 768 1527 singulatim
803 1459 851 1508 aut
881 1467 935 1528 pro
965 1449 1160 1527 magnitudine
1189 1467 1294 1530 parem
1328 1451 1425 1511 disse·
1482 1435 1483 1510 1

237 1579 319 1638 rere,
349 1570 463 1639 tempus
487 1579 570 1639 quam
599 1579 648 1620 res
670 1559 808 1619 maturius
834 1579 879 1620 me
907 1558 1034 1620 deseret.
1080 1559 1277 1634 Quamobrem
1312 1560 1353 1621 ad
1383 1564 1424 1620 In·
1482 1541 1483 1544 ¹

238 1680 355 1751 ceptum
374 1670 476 1732 redeo.

321 1781 421 1843 XLIII.
466 1782 537 1842 Post
558 1782 625 1842 Auli
646 1780 751 1858 foedus
773 1779 980 1858 exercitusque
1003 1781 1094 1842 nostri
1115 1781 1230 1842 loedam
1252 1780 1360 1858 fugam
1383 1783 1421 1857 Q.

235 1895 371 1956 hletellus
393 1903 423 1954 et
442 1893 480 1953 Μ.
503 1892 633 1969 Silanus,
657 1890 796 1951 consules
819 1889 981 1966 designati,
1002 1892 1170 1968 provincias
1190 1893 1267 1951 inter
1289 1909 1326 1950 se
1352 1912 1420 1972 par-

234 2008 370 2082 tIverant,
407 2005 587 2084 Metelloque
615 2001 746 2062 Numidia
776 2010 933 2078 evenerat,
968 2001 1029 2060 acri
1061 2002 1123 2061 viro
1155 2010 1198 2078 et,
1235 2019 1419 2081 quamquam

234 2115 361 2175 advorso
384 2115 486 2194 populi
511 2116 647 2193 partium,
676 2112 751 2172 fama
775 2118 871 2170 tamen
893 2110 1038 2188 aequabili
1060 2121 1089 2172 et
1115 2110 1263 2173 inviolata.
1311 2113 1345 2172 Is
1370 2113 1444 2172 ubi-2

235 2227 355 2305 primum
381 2227 577 2302 magistratum
598 2227 749 2302 Ingressus
773 2228 833 2298 est,
857 2219 913 2279 alia
936 2222 1029 2281 omnia
1052 2220 1106 2280 sibi
1131 2241 1195 2281 cum
1221 2222 1346 2300 collega
1370 2244 1418 2284 ra·
1453 2203 1456 2208 ⁵

264 2440 360 2487 pancos
381 2435 441 2488 post
463 2427 553 2494 annos]
581 2432 658 2480 Anno
685 2428 742 2479 121.
769 2443 795 2476 a.
838 2425 923 2475 eitate
953 2425 981 2474 in
1011 2424 1129 2490 plebem,
1160 2430 1224 2476 naulo
1252 2441 1324 2476 neore
1356 2433 1415 2478 est:

233 2501 295 2551 Ghr.
314 2519 342 2552 n.
838 2501 871 2550 iis
890 2501 1012 2564 artibus,
1040 2518 1108 2567 quae
1126 2501 1258 2554 malorum
1278 2520 1342 2554 esse
1369 2523 1415 2555 so-

266 2601 354 2648 endem
378 2598 564 2666 ingredientem]
601 2602 620 2653 i.
649 2619 673 2652 e.
702 2601 797 2651 eddom
838 2579 904 2628 lent·
964 2605 968 2612 “

232 2681 405 2742 pergentem,
425 2677 519 2728 eodem
539 2681 627 2730 animo
647 2681 796 2744 eademque
873 2665 898 2712 4·
917 2662 1001 2726 Idam*
1018 2661 1083 2728 etc]
1102 2665 1163 2714 Hac
1178 2664 1315 2728 particula
1331 2680 1412 2714 mon·

229 2757 276 2805 vla
307 2753 400 2804 eadem
427 2755 542 2806 consIIIa
573 2763 793 2823 persequentem
838 2744 973 2802 1111111111,
1007 2755 1075 2803 ‘luae
1110 2756 1143 2790 ex
1171 2742 1409 2805 Plaesstdssnfibus

231 2833 267 2884 cf.
282 2833 516 2886 Pseudo-Sallust.
535 2835 568 2886 de
582 2850 638 2901 rep.
652 2837 710 2887 ord.
727 2837 750 2898 Ι,
766 2837 792 2888 5.
838 2822 985 2870 ⁰0¹1⁸001¹ia
1005 2821 1077 2866 sunl·

230 2912 318 2962 Praeti
335 2909 376 2962 old
392 2913 531 2976 ingressus,
871 2921 906 2956 em
924 2904 1033 2953 lubidine
1049 2903 1107 2970 aaa]
1129 2923 1157 2957 v.
1176 2907 1211 2956 ad
1230 2907 1293 2972 Ing.
1313 2907 1367 2970 40,
1382 2908 1407 2958 3.
1460 2917 1465 2934 ¹

263 3020 316 3054 enm
329 3005 367 3055 M.
383 3007 470 3057 Fulvt'o
484 3005 586 3072 Flacco]
608 3004 709 3056 Consul
722 3021 792 3056 anno
823 2977 838 3002 .‚
866 2991 941 3052 fem
956 2998 999 3039 ⁰²⁴²
1014 2991 1225 3057 fudaefflfnxi'll
1257 2993 1407 3057 11191118·

231 3083 289 3133 125.
308 3098 333 3134 a.
353 3083 416 3132 chr.
432 3100 460 3134 n.
476 3099 580 3148 semper
594 3099 611 3133 a
623 3081 718 3148 populi
732 3099 792 3148 par.
836 3073 913 3120 eoet'lio
930 3070 981 3135 (cf.
1002 3071 1061 3136 Iug.
1082 3071 1107 3134 3,
1123 3075 1148 3122 2.
1168 3069 1242 3123 Hist.
1255 3072 1304 3122 Fr.
1319 3072 1344 3134 I,
1359 3074 1405 3135 411,

228 3161 302 3209 tibus
322 3161 409 3210 stetit,
836 3145 977 3212 18.)quum
985 3148 1060 3197 cives
1068 3154 1268 3212 nonnecentur,
1280 3150 1407 3200 sedcivi-

834 3226 893 3274 tato
912 3225 1061 3288 priventur,
1081 3227 1206 3276 eoesnnmit
1223 3243 1271 3291 per
1285 3242 1406 3292 neugma

263 3252 289 3302 3.
312 3254 360 3301 aed
377 3253 439 3301 bono
457 3253 523 3301 cinei
541 3249 605 3316 ete]
640 3253 717 3301 Haec
736 3267 790 3301 non
835 3315 867 3349 eo
885 3302 1019 3366 pertinet,
1040 3303 1076 3352 ef·
1096 3304 1155 3368 lug·
1176 3303 1201 3367 3,
1223 3305 1246 3358 l·
1269 3304 1311 3367 14,
1329 3307 1357 3355 4·

231 3327 265 3378 ad
284 3327 421 3377 Gracchos
440 3332 578 3391 spectant,
598 3328 645 3377 sed
663 3329 698 3378 ad
715 3330 790 3380 nobi-

225 3405 341 3456 litatem.
376 3403 533 3454 Sententiae
552 3405 635 3466 rati0‚
653 3406 788 3459 brevitate
866 3398 1147 3465 111113119-111101111
1177 3401 1405 3468 1190111191·

225 3478 337 3545 paulum
354 3479 516 3541 obscurata,
536 3479 602 3530 haec
621 3486 677 3531 est:
698 3485 789 3546 „Sane
814 3474 908 3549 ,iecit
928 3479 959 3524 ut
977 3475 1005 3524 in
1020 3475 1153 3542 reliquum
1166 3483 1246 3546 magia
1262 3484 1402 3545 timeretur,

226 3557 343 3610 Gracchi
367 3557 493 3621 cupidine
520 3558 653 3608 victoriae
683 3562 790 3611 modum
834 3569 907 3618 quam
922 3554 1035 3615 twienlt’d
1053 3559 1158 3608 caleret.

189 3645 194 3656 '
226 3639 409 3687 excesserunt.
447 3634 500 3685 Sed
527 3635 680 3687 nihilominus
708 3640 733 3686 in
759 3640 791 3688 iis
869 3641 939 3701 Quae
957 3641 1010 3708 ree]
1040 3659 1079 3694 sc.
1104 3645 1128 3693 si
1149 3645 1236 3696 altera
1259 3665 1324 3712 pars
1344 3670 1404 3705 ma.

224 3714 383 3765 nirtdicondis
401 3713 496 3764 nobiles
516 3717 581 3764 iusto
602 3719 740 3766 atrociores
759 3731 790 3764 ac
833 3718 905 3768 xime
923 3720 1046 3770 timorem
1070 3721 1152 3772 alteri
1175 3724 1276 3774 iniarre
1294 3730 1400 3796 studet,
1482 3779 1483 3782 ,

224 3791 789 3853 attinimebonifuene;narnuinobonovinei
835 3811 923 3860 neque
941 3813 1007 3848 vera
1026 3801 1149 3864 potentia
1167 3802 1261 3866 pollet.
1290 3805 1399 3870 Quippe
1482 3787 1483 3790 ¹

223 3870 310 3920 satius
335 3874 399 3921 est¹’
425 3879 478 3922 etc.
522 3868 633 3921 Nobiles
654 3871 741 3933 enim,
765 3871 790 3921 si
833 3873 874 3921 ita
891 3889 946 3922 non
964 3877 1146 3939 reprimuntur
1164 3879 1328 3942 adversarii,
1347 3887 1398 3934 sed

222 3961 289 4014 pere
307 3948 372 3998 boni
391 3947 518 4010 fuissent,
536 3961 566 3997 se
583 3947 658 3998 vinci
676 3964 692 3998 a
708 3949 789 3999 Grac·
834 3951 868 4000 ad
886 3951 1014 4002 maiorem
1029 3954 1098 4002 iram
1117 3959 1145 4004 et
1163 3957 1251 4006 odium
1267 3960 1399 4011 exstimu-

223 4026 295 4089 chis,
328 4041 410 4091 quam
435 4027 563 4077 iniurIam
593 4026 626 4075 ab
655 4026 710 4076 illis
737 4028 789 4077 sibi
834 4029 936 4078 lentur.

222 4104 325 4152 factam
355 4103 426 4154 malo
457 4119 531 4154 more
555 4103 651 4153 ulcisci
679 4103 791 4155 maluis—
861 4112 927 4180 dum]
940 4115 1018 4165 Haec
1032 4115 1167 4180 particula
1179 4117 1231 4168 h.l.
1244 4121 1396 4176 nonsolnm

223 4183 294 4230 sent·
634 4239 636 4244 ,
832 4192 962 4255 temporis
991 4190 1192 4256 aequalitatem,
1229 4195 1277 4245 sed
1311 4200 1396 4251 etiam

258 4273 321 4318 anolo
346 4269 423 4334 mone]
465 4271 525 4320 Mos
548 4270 679 4320 nobilium
706 4287 788 4334 quum
831 4282 946 4317 canosam
962 4269 1099 4332 designet.

222 4350 360 4398 constaret
369 4346 671 4412 intolerabilisuperbia
681 4352 708 4396 et
717 4352 789 4397 atro·
866 4355 891 4402 5.
910 4355 933 4401 si
946 4381 980 4392 -ω
996 4368 1085 4415 perena
1102 4379 1137 4391 —
1149 4353 1260 4420 deceret]
1281 4356 1318 4406 ci.
1335 4357 1395 4412 Cic.
