<?xml version="1.0" encoding="UTF-8"?>
<!DOCTYPE html PUBLIC "-//W3C//DTD XHTML 1.0 Transitional//EN"
    "http://www.w3.org/TR/xhtml1/DTD/xhtml1-transitional.dtd">
<html xmlns="http://www.w3.org/1999/xhtml" xml:lang="en" lang="en">
 <head>
  <title>
</title>
<meta http-equiv="Content-Type" content="text/html;charset=utf-8" />
  <meta name='ocr-system' content='tesseract 3.04.00' />
  <meta name='ocr-capabilities' content='ocr_page ocr_carea ocr_par ocr_line ocrx_word'/>
</head>
<body>
  <div class='ocr_page' id='page_1' title='image "./catilinaiugurth01sallgoog_0149.png"; bbox 0 0 3024 4852; ppageno 0'>
   <div class='ocr_carea' id='block_1_1' title="bbox 209 277 976 339">
    <p class='ocr_par' dir='ltr' id='par_1_1' title="bbox 209 277 976 339">
     <span class='ocr_line' id='line_1_1' title="bbox 209 277 976 339; baseline -0.017 0"><span class='ocrx_word' id='word_1_1' title='bbox 209 277 269 339; x_wconf 86' lang='lat'>130</span> <span class='ocrx_word' id='word_1_2' title='bbox 615 282 645 330; x_wconf 90' lang='lat' dir='ltr'>c.</span> <span class='ocrx_word' id='word_1_3' title='bbox 670 279 840 330; x_wconf 77' lang='lat' dir='ltr'>snuuusm</span> <span class='ocrx_word' id='word_1_4' title='bbox 863 279 976 328; x_wconf 74' lang='lat' dir='ltr'>cursor</span> 
     </span>
    </p>
   </div>
   <div class='ocr_carea' id='block_1_2' title="bbox 129 434 1483 1289">
    <p class='ocr_par' dir='ltr' id='par_1_2' title="bbox 129 434 1483 1289">
     <span class='ocr_line' id='line_1_2' title="bbox 207 434 1398 521; baseline -0.009 -17"><span class='ocrx_word' id='word_1_5' title='bbox 207 443 321 521; x_wconf 86' lang='lat' dir='ltr'>glorise</span> <span class='ocrx_word' id='word_1_6' title='bbox 341 442 424 518; x_wconf 86' lang='lat' dir='ltr'>fore,</span> <span class='ocrx_word' id='word_1_7' title='bbox 450 450 563 516; x_wconf 91' lang='lat' dir='ltr'>tamen,</span> <span class='ocrx_word' id='word_1_8' title='bbox 593 447 747 518; x_wconf 76' lang='lat' dir='ltr'><strong>postquam</strong></span> <span class='ocrx_word' id='word_1_9' title='bbox 767 436 913 496; x_wconf 92' lang='lat' dir='ltr'>hominem</span> <span class='ocrx_word' id='word_1_10' title='bbox 934 434 1171 511; x_wconf 80' lang='lat' dir='ltr'>adulescentem,</span> <span class='ocrx_word' id='word_1_11' title='bbox 1202 442 1312 494; x_wconf 85' lang='lat' dir='ltr'>exacta</span> <span class='ocrx_word' id='word_1_12' title='bbox 1341 453 1398 494; x_wconf 86' lang='lat' dir='ltr'>sua</span> 
     </span>
     <span class='ocr_line' id='line_1_3' title="bbox 129 544 1397 631; baseline -0.01 -14"><span class='ocrx_word' id='word_1_13' title='bbox 129 625 132 630; x_wconf 26' lang='lat'><strong>¹</strong></span> <span class='ocrx_word' id='word_1_14' title='bbox 209 563 305 616; x_wconf 88' lang='lat' dir='ltr'>aetate</span> <span class='ocrx_word' id='word_1_15' title='bbox 327 560 356 612; x_wconf 90' lang='lat' dir='ltr'>et</span> <span class='ocrx_word' id='word_1_16' title='bbox 377 552 477 631; x_wconf 87' lang='lat' dir='ltr'>parvis</span> <span class='ocrx_word' id='word_1_17' title='bbox 498 549 617 626; x_wconf 91' lang='lat' dir='ltr'>liberis,</span> <span class='ocrx_word' id='word_1_18' title='bbox 646 549 738 625; x_wconf 89' lang='lat' dir='ltr'>magis</span> <span class='ocrx_word' id='word_1_19' title='bbox 766 548 919 626; x_wconf 77' lang='lat' dir='ltr'>magisque</span> <span class='ocrx_word' id='word_1_20' title='bbox 945 564 1083 607; x_wconf 90' lang='lat' dir='ltr'>crescere</span> <span class='ocrx_word' id='word_1_21' title='bbox 1105 544 1264 624; x_wconf 77' lang='lat' dir='ltr'>intellegit,</span> <span class='ocrx_word' id='word_1_22' title='bbox 1296 544 1397 604; x_wconf 85' lang='lat' dir='ltr'>vehe-</span> 
     </span>
     <span class='ocr_line' id='line_1_4' title="bbox 208 639 1483 740; baseline -0.009 -16"><span class='ocrx_word' id='word_1_23' title='bbox 208 673 320 724; x_wconf 80' lang='lat' dir='ltr'>menter</span> <span class='ocrx_word' id='word_1_24' title='bbox 341 679 378 721; x_wconf 90' lang='lat' dir='ltr'>eo</span> <span class='ocrx_word' id='word_1_25' title='bbox 398 661 519 736; x_wconf 89' lang='lat' dir='ltr'>negotio</span> <span class='ocrx_word' id='word_1_26' title='bbox 540 667 704 740; x_wconf 88' lang='lat' dir='ltr'>permotus,</span> <span class='ocrx_word' id='word_1_27' title='bbox 732 657 819 738; x_wconf 85' lang='lat' dir='ltr'>mplta</span> <span class='ocrx_word' id='word_1_28' title='bbox 840 675 904 716; x_wconf 89' lang='lat' dir='ltr'>cnm</span> <span class='ocrx_word' id='word_1_29' title='bbox 926 657 1020 717; x_wconf 90' lang='lat' dir='ltr'>animo</span> <span class='ocrx_word' id='word_1_30' title='bbox 1043 675 1097 717; x_wconf 92' lang='lat' dir='ltr'>suo</span> <span class='ocrx_word' id='word_1_31' title='bbox 1118 654 1268 716; x_wconf 82' lang='lat' dir='ltr'>volvebat.</span> <span class='ocrx_word' id='word_1_32' title='bbox 1315 655 1427 721; x_wconf 86' lang='lat' dir='ltr'>Ter-3</span> <span class='ocrx_word' id='word_1_33' title='bbox 1482 639 1483 706; x_wconf 77' lang='lat' dir='ltr'>l</span> 
     </span>
     <span class='ocr_line' id='line_1_5' title="bbox 209 743 1483 847; baseline -0.009 -12"><span class='ocrx_word' id='word_1_34' title='bbox 209 773 294 835; x_wconf 88' lang='lat' dir='ltr'>rebat</span> <span class='ocrx_word' id='word_1_35' title='bbox 315 791 379 833; x_wconf 91' lang='lat' dir='ltr'>eum</span> <span class='ocrx_word' id='word_1_36' title='bbox 405 779 506 831; x_wconf 87' lang='lat' dir='ltr'>natura</span> <span class='ocrx_word' id='word_1_37' title='bbox 531 745 712 846; x_wconf 89' lang='lat' dir='ltr'>mortalium,</span> <span class='ocrx_word' id='word_1_38' title='bbox 739 766 823 827; x_wconf 83' lang='lat' dir='ltr'>avida</span> <span class='ocrx_word' id='word_1_39' title='bbox 849 768 954 847; x_wconf 90' lang='lat' dir='ltr'>imperi</span> <span class='ocrx_word' id='word_1_40' title='bbox 978 776 1008 826; x_wconf 89' lang='lat' dir='ltr'>et</span> <span class='ocrx_word' id='word_1_41' title='bbox 1028 784 1175 845; x_wconf 88' lang='lat' dir='ltr'>praeceps</span> <span class='ocrx_word' id='word_1_42' title='bbox 1197 765 1234 826; x_wconf 92' lang='lat' dir='ltr'>ad</span> <span class='ocrx_word' id='word_1_43' title='bbox 1259 765 1395 844; x_wconf 86' lang='lat' dir='ltr'>explen-</span> <span class='ocrx_word' id='word_1_44' title='bbox 1482 743 1483 746; x_wconf 8' lang='grc' dir='ltr'><strong>Ἴ</strong></span> 
     </span>
     <span class='ocr_line' id='line_1_6' title="bbox 208 874 1395 961; baseline -0.011 -14"><span class='ocrx_word' id='word_1_45' title='bbox 208 887 274 947; x_wconf 90' lang='lat' dir='ltr'>dam</span> <span class='ocrx_word' id='word_1_46' title='bbox 307 883 391 944; x_wconf 87' lang='lat' dir='ltr'>animi</span> <span class='ocrx_word' id='word_1_47' title='bbox 420 880 598 961; x_wconf 76' lang='lat' dir='ltr'>cupidinem,</span> <span class='ocrx_word' id='word_1_48' title='bbox 635 887 789 959; x_wconf 83' lang='lat' dir='ltr'>praetereo</span> <span class='ocrx_word' id='word_1_49' title='bbox 826 878 1029 958; x_wconf 82' lang='lat' dir='ltr'>opportunitas</span> <span class='ocrx_word' id='word_1_50' title='bbox 1065 895 1135 936; x_wconf 88' lang='lat' dir='ltr'>suae</span> <span class='ocrx_word' id='word_1_51' title='bbox 1165 874 1395 955; x_wconf 84' lang='lat' dir='ltr'>liberorumque</span> 
     </span>
     <span class='ocr_line' id='line_1_7' title="bbox 209 987 1394 1072; baseline -0.011 -14"><span class='ocrx_word' id='word_1_52' title='bbox 209 996 326 1072; x_wconf 86' lang='lat' dir='ltr'>aetatis,</span> <span class='ocrx_word' id='word_1_53' title='bbox 354 1011 429 1072; x_wconf 91' lang='lat' dir='ltr'>quae</span> <span class='ocrx_word' id='word_1_54' title='bbox 453 991 539 1052; x_wconf 87' lang='lat' dir='ltr'>etiam</span> <span class='ocrx_word' id='word_1_55' title='bbox 566 989 723 1049; x_wconf 91' lang='lat' dir='ltr'>mediocris</span> <span class='ocrx_word' id='word_1_56' title='bbox 748 991 829 1048; x_wconf 90' lang='lat' dir='ltr'>viros</span> <span class='ocrx_word' id='word_1_57' title='bbox 857 1007 910 1068; x_wconf 88' lang='lat' dir='ltr'>spe</span> <span class='ocrx_word' id='word_1_58' title='bbox 941 987 1069 1068; x_wconf 84' lang='lat' dir='ltr'>praedae</span> <span class='ocrx_word' id='word_1_59' title='bbox 1095 996 1282 1046; x_wconf 87' lang='lat' dir='ltr'>transvorsos</span> <span class='ocrx_word' id='word_1_60' title='bbox 1313 988 1394 1063; x_wconf 87' lang='lat' dir='ltr'>agit,</span> 
     </span>
     <span class='ocr_line' id='line_1_8' title="bbox 209 1097 1394 1176; baseline -0.008 -9"><span class='ocrx_word' id='word_1_61' title='bbox 209 1106 245 1168; x_wconf 89' lang='lat' dir='ltr'>ad</span> <span class='ocrx_word' id='word_1_62' title='bbox 268 1106 326 1166; x_wconf 86' lang='lat' dir='ltr'>lroc</span> <span class='ocrx_word' id='word_1_63' title='bbox 348 1103 440 1164; x_wconf 89' lang='lat' dir='ltr'>studia</span> <span class='ocrx_word' id='word_1_64' title='bbox 460 1099 645 1162; x_wconf 90' lang='lat' dir='ltr'>Numidarum</span> <span class='ocrx_word' id='word_1_65' title='bbox 668 1101 697 1158; x_wconf 94' lang='lat' dir='ltr'>in</span> <span class='ocrx_word' id='word_1_66' title='bbox 722 1097 889 1176; x_wconf 86' lang='lat' dir='ltr'>iugurtham</span> <span class='ocrx_word' id='word_1_67' title='bbox 911 1115 1053 1174; x_wconf 89' lang='lat' dir='ltr'>accensa,</span> <span class='ocrx_word' id='word_1_68' title='bbox 1082 1115 1120 1158; x_wconf 82' lang='lat' dir='ltr'>ex</span> <span class='ocrx_word' id='word_1_69' title='bbox 1146 1097 1263 1175; x_wconf 88' lang='lat' dir='ltr'>quibus,</span> <span class='ocrx_word' id='word_1_70' title='bbox 1296 1098 1320 1155; x_wconf 94' lang='lat' dir='ltr'>si</span> <span class='ocrx_word' id='word_1_71' title='bbox 1347 1107 1394 1157; x_wconf 88' lang='lat' dir='ltr'>ta·</span> 
     </span>
     <span class='ocr_line' id='line_1_9' title="bbox 208 1206 1395 1289; baseline -0.008 -12"><span class='ocrx_word' id='word_1_72' title='bbox 208 1215 379 1277; x_wconf 86' lang='lat' dir='ltr'>lem&#39;virum</span> <span class='ocrx_word' id='word_1_73' title='bbox 405 1213 482 1272; x_wconf 91' lang='lat' dir='ltr'>dolis</span> <span class='ocrx_word' id='word_1_74' title='bbox 505 1211 719 1289; x_wconf 80' lang='lat' dir='ltr'>interfecisset,</span> <span class='ocrx_word' id='word_1_75' title='bbox 749 1228 786 1269; x_wconf 90' lang='lat' dir='ltr'>ne</span> <span class='ocrx_word' id='word_1_76' title='bbox 816 1226 872 1287; x_wconf 89' lang='lat' dir='ltr'>qua</span> <span class='ocrx_word' id='word_1_77' title='bbox 901 1207 1006 1268; x_wconf 92' lang='lat' dir='ltr'>seditio</span> <span class='ocrx_word' id='word_1_78' title='bbox 1034 1215 1082 1267; x_wconf 90' lang='lat' dir='ltr'>aut</span> <span class='ocrx_word' id='word_1_79' title='bbox 1110 1206 1217 1268; x_wconf 89' lang='lat' dir='ltr'>bellum</span> <span class='ocrx_word' id='word_1_80' title='bbox 1246 1208 1395 1286; x_wconf 88' lang='lat' dir='ltr'>oriretur,</span> 
     </span>
    </p>
   </div>
   <div class='ocr_carea' id='block_1_3' title="bbox 211 1327 1393 1506">
    <p class='ocr_par' dir='ltr' id='par_1_3' title="bbox 211 1327 1393 1506">
     <span class='ocr_line' id='line_1_10' title="bbox 211 1327 409 1386; baseline -0.025 0"><span class='ocrx_word' id='word_1_81' title='bbox 211 1327 314 1386; x_wconf 84' lang='lat' dir='ltr'>anxius</span> <span class='ocrx_word' id='word_1_82' title='bbox 337 1330 409 1384; x_wconf 86' lang='lat' dir='ltr'>erat.</span> 
     </span>
     <span class='ocr_line' id='line_1_11' title="bbox 293 1427 1393 1506; baseline -0.005 -12"><span class='ocrx_word' id='word_1_83' title='bbox 293 1431 358 1494; x_wconf 91' lang='lat' dir='ltr'>Vll.</span> <span class='ocrx_word' id='word_1_84' title='bbox 403 1429 454 1490; x_wconf 90' lang='lat' dir='ltr'>llis</span> <span class='ocrx_word' id='word_1_85' title='bbox 477 1429 695 1492; x_wconf 81' lang='lat' dir='ltr'>difficultatibus</span> <span class='ocrx_word' id='word_1_86' title='bbox 718 1431 933 1490; x_wconf 84' lang='lat' dir='ltr'>circumventus</span> <span class='ocrx_word' id='word_1_87' title='bbox 953 1427 1002 1487; x_wconf 91' lang='lat' dir='ltr'>ubi</span> <span class='ocrx_word' id='word_1_88' title='bbox 1028 1427 1107 1488; x_wconf 84' lang='lat' dir='ltr'>videt</span> <span class='ocrx_word' id='word_1_89' title='bbox 1129 1445 1224 1506; x_wconf 86' lang='lat' dir='ltr'>neque</span> <span class='ocrx_word' id='word_1_90' title='bbox 1248 1445 1303 1506; x_wconf 91' lang='lat' dir='ltr'>per</span> <span class='ocrx_word' id='word_1_91' title='bbox 1327 1430 1393 1488; x_wconf 93' lang='lat' dir='ltr'>virn</span> 
     </span>
    </p>
   </div>
   <div class='ocr_carea' id='block_1_4' title="bbox 137 1529 1482 2518">
    <p class='ocr_par' dir='ltr' id='par_1_4' title="bbox 137 1529 1482 2518">
     <span class='ocr_line' id='line_1_12' title="bbox 137 1529 1393 1623; baseline -0.006 -18"><span class='ocrx_word' id='word_1_92' title='bbox 137 1529 141 1534; x_wconf 40' lang='lat'>¹</span> <span class='ocrx_word' id='word_1_93' title='bbox 209 1562 305 1623; x_wconf 88' lang='lat' dir='ltr'>neque</span> <span class='ocrx_word' id='word_1_94' title='bbox 332 1540 443 1601; x_wconf 79' lang='lat' dir='ltr'>insidiis</span> <span class='ocrx_word' id='word_1_95' title='bbox 475 1542 598 1621; x_wconf 89' lang='lat' dir='ltr'>opprimi</span> <span class='ocrx_word' id='word_1_96' title='bbox 625 1559 715 1621; x_wconf 91' lang='lat' dir='ltr'>posse</span> <span class='ocrx_word' id='word_1_97' title='bbox 737 1541 883 1601; x_wconf 89' lang='lat' dir='ltr'>hominem</span> <span class='ocrx_word' id='word_1_98' title='bbox 910 1549 967 1600; x_wconf 84' lang='lat' dir='ltr'>tam</span> <span class='ocrx_word' id='word_1_99' title='bbox 998 1547 1152 1618; x_wconf 88' lang='lat' dir='ltr'>acceptum</span> <span class='ocrx_word' id='word_1_100' title='bbox 1180 1537 1393 1619; x_wconf 87' lang='lat' dir='ltr'>popularibus,</span> 
     </span>
     <span class='ocr_line' id='line_1_13' title="bbox 209 1649 1392 1735; baseline -0.005 -20"><span class='ocrx_word' id='word_1_101' title='bbox 209 1654 288 1735; x_wconf 88' lang='lat' dir='ltr'>quod</span> <span class='ocrx_word' id='word_1_102' title='bbox 317 1662 380 1713; x_wconf 90' lang='lat' dir='ltr'>erat</span> <span class='ocrx_word' id='word_1_103' title='bbox 405 1651 542 1730; x_wconf 85' lang='lat' dir='ltr'>iugurtha</span> <span class='ocrx_word' id='word_1_104' title='bbox 570 1670 654 1712; x_wconf 89' lang='lat' dir='ltr'>manu</span> <span class='ocrx_word' id='word_1_105' title='bbox 684 1661 836 1733; x_wconf 89' lang='lat' dir='ltr'>promptus</span> <span class='ocrx_word' id='word_1_106' title='bbox 863 1660 893 1710; x_wconf 90' lang='lat' dir='ltr'>et</span> <span class='ocrx_word' id='word_1_107' title='bbox 921 1661 1065 1732; x_wconf 86' lang='lat' dir='ltr'>appetens</span> <span class='ocrx_word' id='word_1_108' title='bbox 1093 1651 1209 1728; x_wconf 90' lang='lat' dir='ltr'>gloriae</span> <span class='ocrx_word' id='word_1_109' title='bbox 1238 1649 1392 1727; x_wconf 87' lang='lat' dir='ltr'>militaris,</span> 
     </span>
     <span class='ocr_line' id='line_1_14' title="bbox 208 1760 1419 1854; baseline -0.005 -26"><span class='ocrx_word' id='word_1_110' title='bbox 208 1767 305 1828; x_wconf 86' lang='lat' dir='ltr'>statuit</span> <span class='ocrx_word' id='word_1_111' title='bbox 329 1783 393 1825; x_wconf 90' lang='lat' dir='ltr'>eum</span> <span class='ocrx_word' id='word_1_112' title='bbox 416 1761 567 1824; x_wconf 89' lang='lat' dir='ltr'>obiectare</span> <span class='ocrx_word' id='word_1_113' title='bbox 587 1763 728 1854; x_wconf 83' lang='lat' dir='ltr'>perieulis</span> <span class='ocrx_word' id='word_1_114' title='bbox 753 1773 782 1822; x_wconf 90' lang='lat' dir='ltr'>et</span> <span class='ocrx_word' id='word_1_115' title='bbox 810 1763 954 1823; x_wconf 92' lang='lat' dir='ltr'>eomodo</span> <span class='ocrx_word' id='word_1_116' title='bbox 977 1763 1130 1830; x_wconf 37' lang='lat' dir='ltr'>fortunam,</span> <span class='ocrx_word' id='word_1_117' title='bbox 1149 1769 1273 1822; x_wconf 90' lang='lat' dir='ltr'>tentare.</span> <span class='ocrx_word' id='word_1_118' title='bbox 1323 1760 1419 1838; x_wconf 77' lang='lat' dir='ltr'>igi-2</span> 
     </span>
     <span class='ocr_line' id='line_1_15' title="bbox 207 1872 1391 1953; baseline -0.007 -15"><span class='ocrx_word' id='word_1_119' title='bbox 207 1887 253 1938; x_wconf 90' lang='lat' dir='ltr'>tur</span> <span class='ocrx_word' id='word_1_120' title='bbox 285 1874 366 1936; x_wconf 88' lang='lat' dir='ltr'>hello</span> <span class='ocrx_word' id='word_1_121' title='bbox 387 1874 560 1935; x_wconf 89' lang='lat' dir='ltr'>Numantino</span> <span class='ocrx_word' id='word_1_122' title='bbox 583 1872 707 1952; x_wconf 87' lang='lat' dir='ltr'>Micipsa</span> <span class='ocrx_word' id='word_1_123' title='bbox 736 1891 821 1952; x_wconf 88' lang='lat' dir='ltr'>quum</span> <span class='ocrx_word' id='word_1_124' title='bbox 850 1874 960 1953; x_wconf 94' lang='lat' dir='ltr'>populo</span> <span class='ocrx_word' id='word_1_125' title='bbox 979 1873 1111 1934; x_wconf 89' lang='lat' dir='ltr'>Romano</span> <span class='ocrx_word' id='word_1_126' title='bbox 1142 1874 1268 1950; x_wconf 90' lang='lat' dir='ltr'>equitum</span> <span class='ocrx_word' id='word_1_127' title='bbox 1293 1880 1391 1950; x_wconf 86' lang='lat' dir='ltr'>atque</span> 
     </span>
     <span class='ocr_line' id='line_1_16' title="bbox 208 1982 1390 2068; baseline -0.005 -21"><span class='ocrx_word' id='word_1_128' title='bbox 208 1986 336 2068; x_wconf 91' lang='lat' dir='ltr'>peditum</span> <span class='ocrx_word' id='word_1_129' title='bbox 351 1985 457 2046; x_wconf 84' lang='lat' dir='ltr'>auxilia</span> <span class='ocrx_word' id='word_1_130' title='bbox 475 1986 616 2060; x_wconf 89' lang='lat' dir='ltr'>mitteret,</span> <span class='ocrx_word' id='word_1_131' title='bbox 640 2001 764 2062; x_wconf 89' lang='lat' dir='ltr'>sperans</span> <span class='ocrx_word' id='word_1_132' title='bbox 779 1983 827 2043; x_wconf 89' lang='lat' dir='ltr'>vel</span> <span class='ocrx_word' id='word_1_133' title='bbox 843 1984 1017 2044; x_wconf 86' lang='lat' dir='ltr'>ostentando</span> <span class='ocrx_word' id='word_1_134' title='bbox 1032 1985 1167 2044; x_wconf 84' lang='lat' dir='ltr'>virtutem</span> <span class='ocrx_word' id='word_1_135' title='bbox 1186 1984 1235 2043; x_wconf 88' lang='lat' dir='ltr'>vel</span> <span class='ocrx_word' id='word_1_136' title='bbox 1256 1982 1390 2042; x_wconf 88' lang='lat' dir='ltr'>hostium</span> 
     </span>
     <span class='ocr_line' id='line_1_17' title="bbox 208 2093 1389 2174; baseline -0.004 -16"><span class='ocrx_word' id='word_1_137' title='bbox 208 2093 330 2160; x_wconf 79' lang='lat' dir='ltr'>saeuitia</span> <span class='ocrx_word' id='word_1_138' title='bbox 352 2095 440 2156; x_wconf 84' lang='lat' dir='ltr'>focile</span> <span class='ocrx_word' id='word_1_139' title='bbox 471 2114 536 2155; x_wconf 93' lang='lat' dir='ltr'>eum</span> <span class='ocrx_word' id='word_1_140' title='bbox 563 2113 753 2170; x_wconf 90' lang='lat' dir='ltr'>occasurum,</span> <span class='ocrx_word' id='word_1_141' title='bbox 784 2094 929 2172; x_wconf 80' lang='lat' dir='ltr'>praefecit</span> <span class='ocrx_word' id='word_1_142' title='bbox 950 2094 1097 2171; x_wconf 89' lang='lat' dir='ltr'>Numidis,</span> <span class='ocrx_word' id='word_1_143' title='bbox 1127 2113 1202 2174; x_wconf 88' lang='lat' dir='ltr'>quos</span> <span class='ocrx_word' id='word_1_144' title='bbox 1227 2095 1255 2152; x_wconf 93' lang='lat' dir='ltr'>in</span> <span class='ocrx_word' id='word_1_145' title='bbox 1277 2093 1389 2171; x_wconf 89' lang='lat' dir='ltr'>Hispa-</span> 
     </span>
     <span class='ocr_line' id='line_1_18' title="bbox 208 2203 1418 2283; baseline 0 -16"><span class='ocrx_word' id='word_1_146' title='bbox 208 2209 283 2267; x_wconf 86' lang='lat' dir='ltr'>niam</span> <span class='ocrx_word' id='word_1_147' title='bbox 302 2205 441 2265; x_wconf 89' lang='lat' dir='ltr'>mittebat.</span> <span class='ocrx_word' id='word_1_148' title='bbox 478 2206 537 2266; x_wconf 91' lang='lat' dir='ltr'>Sed</span> <span class='ocrx_word' id='word_1_149' title='bbox 560 2224 594 2266; x_wconf 84' lang='lat' dir='ltr'>ee</span> <span class='ocrx_word' id='word_1_150' title='bbox 612 2224 662 2265; x_wconf 89' lang='lat' dir='ltr'>res</span> <span class='ocrx_word' id='word_1_151' title='bbox 681 2205 770 2282; x_wconf 89' lang='lat' dir='ltr'>longe</span> <span class='ocrx_word' id='word_1_152' title='bbox 788 2205 890 2281; x_wconf 90' lang='lat' dir='ltr'>aliter,</span> <span class='ocrx_word' id='word_1_153' title='bbox 913 2223 949 2266; x_wconf 88' lang='lat' dir='ltr'>ac</span> <span class='ocrx_word' id='word_1_154' title='bbox 968 2215 1047 2265; x_wconf 87' lang='lat' dir='ltr'>retus</span> <span class='ocrx_word' id='word_1_155' title='bbox 1066 2215 1143 2283; x_wconf 90' lang='lat' dir='ltr'>erat,</span> <span class='ocrx_word' id='word_1_156' title='bbox 1164 2206 1270 2265; x_wconf 91' lang='lat' dir='ltr'>evenit.</span> <span class='ocrx_word' id='word_1_157' title='bbox 1307 2203 1418 2267; x_wconf 85' lang='lat' dir='ltr'>Nsm3</span> 
     </span>
     <span class='ocr_line' id='line_1_19' title="bbox 209 2313 1420 2394; baseline -0.004 -16"><span class='ocrx_word' id='word_1_158' title='bbox 209 2313 366 2392; x_wconf 83' lang='lat' dir='ltr'>Iugurtha,</span> <span class='ocrx_word' id='word_1_159' title='bbox 393 2323 422 2373; x_wconf 93' lang='lat' dir='ltr'>ut</span> <span class='ocrx_word' id='word_1_160' title='bbox 444 2325 506 2374; x_wconf 84' lang='lat' dir='ltr'>erut</span> <span class='ocrx_word' id='word_1_161' title='bbox 528 2315 653 2393; x_wconf 88' lang='lat' dir='ltr'>impigro</span> <span class='ocrx_word' id='word_1_162' title='bbox 677 2325 764 2394; x_wconf 87' lang='lat' dir='ltr'>atque</span> <span class='ocrx_word' id='word_1_163' title='bbox 785 2316 848 2375; x_wconf 89' lang='lat' dir='ltr'>aeri</span> <span class='ocrx_word' id='word_1_164' title='bbox 878 2317 1012 2392; x_wconf 87' lang='lat' dir='ltr'>ingenio,</span> <span class='ocrx_word' id='word_1_165' title='bbox 1040 2315 1088 2376; x_wconf 93' lang='lat' dir='ltr'>ubi</span> <span class='ocrx_word' id='word_1_166' title='bbox 1112 2325 1241 2376; x_wconf 90' lang='lat' dir='ltr'>naturam</span> <span class='ocrx_word' id='word_1_167' title='bbox 1263 2315 1294 2374; x_wconf 85' lang='lat' dir='ltr'>l&#39;.</span> <span class='ocrx_word' id='word_1_168' title='bbox 1321 2315 1420 2374; x_wconf 74' lang='lat' dir='ltr'>Sci-t</span> 
     </span>
     <span class='ocr_line' id='line_1_20' title="bbox 211 2403 1482 2518; baseline 0.001 -34"><span class='ocrx_word' id='word_1_169' title='bbox 211 2417 323 2504; x_wconf 89' lang='lat' dir='ltr'>pionis,</span> <span class='ocrx_word' id='word_1_170' title='bbox 346 2424 393 2502; x_wconf 86' lang='lat' dir='ltr'>qui</span> <span class='ocrx_word' id='word_1_171' title='bbox 415 2403 473 2483; x_wconf 87' lang='lat' dir='ltr'>tum</span> <span class='ocrx_word' id='word_1_172' title='bbox 494 2424 634 2485; x_wconf 87' lang='lat' dir='ltr'>Romanis</span> <span class='ocrx_word' id='word_1_173' title='bbox 655 2427 814 2505; x_wconf 89' lang='lat' dir='ltr'>imperator</span> <span class='ocrx_word' id='word_1_174' title='bbox 837 2434 914 2504; x_wconf 86' lang='lat' dir='ltr'>erat,</span> <span class='ocrx_word' id='word_1_175' title='bbox 938 2435 967 2486; x_wconf 94' lang='lat' dir='ltr'>et</span> <span class='ocrx_word' id='word_1_176' title='bbox 987 2445 1097 2486; x_wconf 89' lang='lat' dir='ltr'>morem</span> <span class='ocrx_word' id='word_1_177' title='bbox 1122 2427 1245 2487; x_wconf 85' lang='lat' dir='ltr'>hostium</span> <span class='ocrx_word' id='word_1_178' title='bbox 1270 2441 1386 2501; x_wconf 90' lang='lat' dir='ltr'>cogno·</span> <span class='ocrx_word' id='word_1_179' title='bbox 1481 2511 1482 2518; x_wconf 8' lang='grc' dir='ltr'>ἵ</span> 
     </span>
    </p>
   </div>
   <div class='ocr_carea' id='block_1_5' title="bbox 207 2608 1481 3302">
    <p class='ocr_par' dir='ltr' id='par_1_5' title="bbox 207 2608 1481 3302">
     <span class='ocr_line' id='line_1_21' title="bbox 243 2608 1388 2680; baseline 0.003 -20"><span class='ocrx_word' id='word_1_180' title='bbox 243 2609 269 2660; x_wconf 89' lang='grc'>3.</span> <span class='ocrx_word' id='word_1_181' title='bbox 284 2608 422 2676; x_wconf 84' lang='lat' dir='ltr'>praeceps]</span> <span class='ocrx_word' id='word_1_182' title='bbox 450 2627 476 2661; x_wconf 87' lang='lat' dir='ltr'>v.</span> <span class='ocrx_word' id='word_1_183' title='bbox 495 2611 530 2661; x_wconf 85' lang='lat' dir='ltr'>ed</span> <span class='ocrx_word' id='word_1_184' title='bbox 549 2611 610 2663; x_wconf 79' lang='lat' dir='ltr'>cat.</span> <span class='ocrx_word' id='word_1_185' title='bbox 628 2611 676 2676; x_wconf 85' lang='lat'>37,</span> <span class='ocrx_word' id='word_1_186' title='bbox 694 2615 721 2663; x_wconf 88' lang='grc'>4.</span> <span class='ocrx_word' id='word_1_187' title='bbox 818 2612 922 2663; x_wconf 85' lang='lat' dir='ltr'>excidio</span> <span class='ocrx_word' id='word_1_188' title='bbox 950 2629 999 2678; x_wconf 92' lang='lat' dir='ltr'>per</span> <span class='ocrx_word' id='word_1_189' title='bbox 1027 2613 1060 2666; x_wconf 87' lang='lat' dir='ltr'>P.</span> <span class='ocrx_word' id='word_1_190' title='bbox 1085 2614 1240 2680; x_wconf 83' lang='lat' dir='ltr'>Scipionem</span> <span class='ocrx_word' id='word_1_191' title='bbox 1277 2612 1388 2664; x_wconf 89' lang='lat' dir='ltr'>finitum</span> 
     </span>
     <span class='ocr_line' id='line_1_22' title="bbox 212 2677 1186 2755; baseline 0.003 -18"><span class='ocrx_word' id='word_1_192' title='bbox 212 2745 216 2750; x_wconf 31' lang='lat'>¹</span> <span class='ocrx_word' id='word_1_193' title='bbox 243 2690 419 2750; x_wconf 79' lang='lat' dir='ltr'>opportunitas</span> <span class='ocrx_word' id='word_1_194' title='bbox 436 2705 498 2739; x_wconf 71' lang='lat' dir='ltr'>ctae</span> <span class='ocrx_word' id='word_1_195' title='bbox 516 2688 581 2755; x_wconf 82' lang='lat' dir='ltr'>ete]</span> <span class='ocrx_word' id='word_1_196' title='bbox 600 2690 618 2740; x_wconf 88' lang='lat' dir='ltr'>i.</span> <span class='ocrx_word' id='word_1_197' title='bbox 636 2705 660 2741; x_wconf 90' lang='lat' dir='ltr'>e.</span> <span class='ocrx_word' id='word_1_198' title='bbox 679 2705 776 2755; x_wconf 88' lang='lat' dir='ltr'>oppor-</span> <span class='ocrx_word' id='word_1_199' title='bbox 818 2695 869 2740; x_wconf 92' lang='lat' dir='ltr'>est.</span> <span class='ocrx_word' id='word_1_200' title='bbox 1178 2677 1186 2694; x_wconf 64' lang='grc'><strong>“</strong></span> 
     </span>
     <span class='ocr_line' id='line_1_23' title="bbox 210 2765 1388 2833; baseline 0.002 -18"><span class='ocrx_word' id='word_1_201' title='bbox 210 2767 314 2816; x_wconf 85' lang='lat' dir='ltr'>tunitas</span> <span class='ocrx_word' id='word_1_202' title='bbox 333 2765 367 2816; x_wconf 84' lang='lat' dir='ltr'>ad</span> <span class='ocrx_word' id='word_1_203' title='bbox 387 2767 570 2817; x_wconf 83' lang='lat' dir='ltr'>invadendum</span> <span class='ocrx_word' id='word_1_204' title='bbox 587 2783 708 2833; x_wconf 84' lang='lat' dir='ltr'>regnum,</span> <span class='ocrx_word' id='word_1_205' title='bbox 728 2783 775 2833; x_wconf 91' lang='lat' dir='ltr'>po·</span> <span class='ocrx_word' id='word_1_206' title='bbox 851 2781 912 2832; x_wconf 80' lang='lat' dir='ltr'>quos</span> <span class='ocrx_word' id='word_1_207' title='bbox 928 2793 960 2801; x_wconf 97' lang='lat'>-</span> <span class='ocrx_word' id='word_1_208' title='bbox 975 2765 1096 2833; x_wconf 78' lang='lat' dir='ltr'>rnittcdat]</span> <span class='ocrx_word' id='word_1_209' title='bbox 1116 2768 1149 2818; x_wconf 89' lang='lat' dir='ltr'>Id</span> <span class='ocrx_word' id='word_1_210' title='bbox 1166 2769 1269 2819; x_wconf 84' lang='lat' dir='ltr'>factum</span> <span class='ocrx_word' id='word_1_211' title='bbox 1285 2765 1388 2830; x_wconf 89' lang='lat' dir='ltr'>hieme,</span> 
     </span>
     <span class='ocr_line' id='line_1_24' title="bbox 208 2843 1387 2909; baseline 0.002 -15"><span class='ocrx_word' id='word_1_212' title='bbox 208 2845 263 2894; x_wconf 83' lang='lat' dir='ltr'>site</span> <span class='ocrx_word' id='word_1_213' title='bbox 284 2844 313 2892; x_wconf 92' lang='lat' dir='ltr'>in</span> <span class='ocrx_word' id='word_1_214' title='bbox 337 2858 386 2893; x_wconf 84' lang='lat' dir='ltr'>sua</span> <span class='ocrx_word' id='word_1_215' title='bbox 404 2849 494 2895; x_wconf 84' lang='lat' dir='ltr'>aetate</span> <span class='ocrx_word' id='word_1_216' title='bbox 513 2852 652 2908; x_wconf 82' lang='lat' dir='ltr'>provecta,</span> <span class='ocrx_word' id='word_1_217' title='bbox 677 2843 775 2896; x_wconf 91' lang='lat' dir='ltr'>libero·</span> <span class='ocrx_word' id='word_1_218' title='bbox 819 2859 889 2909; x_wconf 82' lang='lat' dir='ltr'>quae</span> <span class='ocrx_word' id='word_1_219' title='bbox 907 2843 1063 2895; x_wconf 82' lang='lat' dir='ltr'>intercessit</span> <span class='ocrx_word' id='word_1_220' title='bbox 1080 2846 1189 2896; x_wconf 87' lang='lat' dir='ltr'>intera.</span> <span class='ocrx_word' id='word_1_221' title='bbox 1206 2843 1264 2895; x_wconf 87' lang='lat'>135.</span> <span class='ocrx_word' id='word_1_222' title='bbox 1279 2848 1306 2893; x_wconf 88' lang='lat' dir='ltr'>et</span> <span class='ocrx_word' id='word_1_223' title='bbox 1323 2843 1387 2896; x_wconf 85' lang='grc'><strong>134.</strong></span> 
     </span>
     <span class='ocr_line' id='line_1_25' title="bbox 207 2922 1351 2989; baseline 0.001 -17"><span class='ocrx_word' id='word_1_224' title='bbox 207 2939 266 2972; x_wconf 88' lang='lat' dir='ltr'>rum</span> <span class='ocrx_word' id='word_1_225' title='bbox 282 2937 374 2984; x_wconf 85' lang='lat' dir='ltr'>parva.</span> <span class='ocrx_word' id='word_1_226' title='bbox 816 2938 842 2974; x_wconf 83' lang='lat' dir='ltr'>e.</span> <span class='ocrx_word' id='word_1_227' title='bbox 861 2922 922 2973; x_wconf 84' lang='lat' dir='ltr'>cnr.</span> <span class='ocrx_word' id='word_1_228' title='bbox 942 2939 968 2975; x_wconf 86' lang='lat' dir='ltr'>n.</span> <span class='ocrx_word' id='word_1_229' title='bbox 987 2928 1058 2974; x_wconf 89' lang='lat' dir='ltr'>teste</span> <span class='ocrx_word' id='word_1_230' title='bbox 1073 2923 1189 2989; x_wconf 83' lang='lat' dir='ltr'>Appiam.</span> <span class='ocrx_word' id='word_1_231' title='bbox 1207 2923 1287 2987; x_wconf 86' lang='lat' dir='ltr'>Hisp.</span> <span class='ocrx_word' id='word_1_232' title='bbox 1306 2922 1351 2975; x_wconf 82' lang='lat'>89.</span> 
     </span>
     <span class='ocr_line' id='line_1_26' title="bbox 242 2997 1295 3067; baseline 0.002 -18"><span class='ocrx_word' id='word_1_233' title='bbox 242 3015 306 3065; x_wconf 69' lang='lat' dir='ltr'>piae</span> <span class='ocrx_word' id='word_1_234' title='bbox 329 3002 401 3050; x_wconf 83' lang='lat' dir='ltr'>ettam</span> <span class='ocrx_word' id='word_1_235' title='bbox 421 2997 484 3065; x_wconf 80' lang='lat' dir='ltr'>etc]</span> <span class='ocrx_word' id='word_1_236' title='bbox 505 2999 690 3050; x_wconf 84' lang='lat' dir='ltr'>Enunciatum</span> <span class='ocrx_word' id='word_1_237' title='bbox 707 2999 775 3050; x_wconf 83' lang='lat' dir='ltr'>rela-</span> <span class='ocrx_word' id='word_1_238' title='bbox 837 3001 876 3050; x_wconf 84' lang='lat'>-4.</span> <span class='ocrx_word' id='word_1_239' title='bbox 895 3008 922 3049; x_wconf 84' lang='lat' dir='ltr'>ut</span> <span class='ocrx_word' id='word_1_240' title='bbox 939 3000 1006 3067; x_wconf 83' lang='lat' dir='ltr'>erut]</span> <span class='ocrx_word' id='word_1_241' title='bbox 1025 3017 1052 3052; x_wconf 88' lang='lat' dir='ltr'>v.</span> <span class='ocrx_word' id='word_1_242' title='bbox 1069 3001 1105 3051; x_wconf 77' lang='lat' dir='ltr'>ad</span> <span class='ocrx_word' id='word_1_243' title='bbox 1125 3001 1184 3052; x_wconf 77' lang='lat' dir='ltr'>eat.</span> <span class='ocrx_word' id='word_1_244' title='bbox 1203 3000 1250 3063; x_wconf 87' lang='lat'>31,</span> <span class='ocrx_word' id='word_1_245' title='bbox 1269 3002 1295 3051; x_wconf 83' lang='lat'>7.</span> 
     </span>
     <span class='ocr_line' id='line_1_27' title="bbox 209 3074 1384 3144; baseline 0.002 -18"><span class='ocrx_word' id='word_1_246' title='bbox 209 3077 295 3127; x_wconf 83' lang='lat' dir='ltr'>tivum</span> <span class='ocrx_word' id='word_1_247' title='bbox 313 3074 349 3125; x_wconf 82' lang='lat' dir='ltr'>ed</span> <span class='ocrx_word' id='word_1_248' title='bbox 367 3074 452 3124; x_wconf 84' lang='lat' dir='ltr'>solam</span> <span class='ocrx_word' id='word_1_249' title='bbox 471 3080 663 3138; x_wconf 83' lang='lat' dir='ltr'>opportunitatis</span> <span class='ocrx_word' id='word_1_250' title='bbox 680 3093 774 3128; x_wconf 86' lang='lat' dir='ltr'>vocem</span> <span class='ocrx_word' id='word_1_251' title='bbox 850 3079 893 3141; x_wconf 81' lang='lat' dir='ltr'>qui</span> <span class='ocrx_word' id='word_1_252' title='bbox 921 3085 970 3128; x_wconf 84' lang='lat' dir='ltr'>tum</span> <span class='ocrx_word' id='word_1_253' title='bbox 998 3080 1117 3130; x_wconf 83' lang='lat' dir='ltr'>Romanis</span> <span class='ocrx_word' id='word_1_254' title='bbox 1146 3081 1284 3142; x_wconf 80' lang='lat' dir='ltr'>imperator</span> <span class='ocrx_word' id='word_1_255' title='bbox 1312 3077 1384 3144; x_wconf 82' lang='lat' dir='ltr'>erut]</span> 
     </span>
     <span class='ocr_line' id='line_1_28' title="bbox 208 3152 1388 3224; baseline 0.002 -20"><span class='ocrx_word' id='word_1_256' title='bbox 208 3159 329 3221; x_wconf 85' lang='lat' dir='ltr'>spectat,</span> <span class='ocrx_word' id='word_1_257' title='bbox 349 3167 403 3201; x_wconf 90' lang='lat' dir='ltr'>non</span> <span class='ocrx_word' id='word_1_258' title='bbox 428 3152 493 3200; x_wconf 88' lang='lat' dir='ltr'>item</span> <span class='ocrx_word' id='word_1_259' title='bbox 516 3155 551 3202; x_wconf 85' lang='lat' dir='ltr'>ad</span> <span class='ocrx_word' id='word_1_260' title='bbox 569 3156 705 3219; x_wconf 83' lang='lat' dir='ltr'>genitivos</span> <span class='ocrx_word' id='word_1_261' title='bbox 728 3156 775 3206; x_wconf 85' lang='lat' dir='ltr'>ad·</span> <span class='ocrx_word' id='word_1_262' title='bbox 816 3154 975 3208; x_wconf 82' lang='lat' dir='ltr'>Structurse</span> <span class='ocrx_word' id='word_1_263' title='bbox 993 3159 1064 3208; x_wconf 83' lang='lat' dir='ltr'>ratio</span> <span class='ocrx_word' id='word_1_264' title='bbox 1083 3157 1230 3224; x_wconf 77' lang='lat' dir='ltr'>respondet</span> <span class='ocrx_word' id='word_1_265' title='bbox 1249 3158 1307 3207; x_wconf 88' lang='lat' dir='ltr'>fere</span> <span class='ocrx_word' id='word_1_266' title='bbox 1324 3158 1388 3212; x_wconf 56' lang='lat' dir='ltr'>vul,</span> 
     </span>
     <span class='ocr_line' id='line_1_29' title="bbox 208 3229 1481 3302; baseline 0.01 -26"><span class='ocrx_word' id='word_1_267' title='bbox 208 3229 325 3279; x_wconf 88' lang='lat' dir='ltr'>iunctos.</span> <span class='ocrx_word' id='word_1_268' title='bbox 815 3233 875 3298; x_wconf 85' lang='lat' dir='ltr'>geri</span> <span class='ocrx_word' id='word_1_269' title='bbox 903 3236 1064 3288; x_wconf 74' lang='lat' dir='ltr'>vernaculae</span> <span class='ocrx_word' id='word_1_270' title='bbox 1088 3236 1184 3286; x_wconf 89' lang='lat' dir='ltr'>modo:</span> <span class='ocrx_word' id='word_1_271' title='bbox 1208 3237 1256 3289; x_wconf 88' lang='lat' dir='ltr'>der</span> <span class='ocrx_word' id='word_1_272' title='bbox 1278 3236 1386 3288; x_wconf 76' lang='lat' dir='ltr'>damnis</span> <span class='ocrx_word' id='word_1_273' title='bbox 1480 3297 1481 3302; x_wconf 13' lang='lat'>¹</span> 
     </span>
    </p>
   </div>
   <div class='ocr_carea' id='block_1_6' title="bbox 213 3306 1387 3450">
    <p class='ocr_par' dir='ltr' id='par_1_6' title="bbox 213 3306 1387 3450">
     <span class='ocr_line' id='line_1_30' title="bbox 244 3306 1387 3377; baseline 0.004 -16"><span class='ocrx_word' id='word_1_274' title='bbox 244 3313 376 3376; x_wconf 75' lang='lat' dir='ltr'>mediocris</span> <span class='ocrx_word' id='word_1_275' title='bbox 401 3306 480 3373; x_wconf 81' lang='lat' dir='ltr'>ciros]</span> <span class='ocrx_word' id='word_1_276' title='bbox 502 3309 521 3358; x_wconf 91' lang='lat' dir='ltr'>i.</span> <span class='ocrx_word' id='word_1_277' title='bbox 545 3327 567 3362; x_wconf 90' lang='lat' dir='ltr'>e.</span> <span class='ocrx_word' id='word_1_278' title='bbox 590 3330 654 3377; x_wconf 88' lang='lat' dir='ltr'>prae</span> <span class='ocrx_word' id='word_1_279' title='bbox 678 3318 774 3368; x_wconf 86' lang='lat' dir='ltr'>ceteris</span> <span class='ocrx_word' id='word_1_280' title='bbox 815 3311 868 3362; x_wconf 89' lang='lat' dir='ltr'>den</span> <span class='ocrx_word' id='word_1_281' title='bbox 896 3315 1015 3366; x_wconf 81' lang='lat' dir='ltr'>Riimern</span> <span class='ocrx_word' id='word_1_282' title='bbox 1045 3315 1086 3365; x_wconf 89' lang='lat' dir='ltr'>ihr</span> <span class='ocrx_word' id='word_1_283' title='bbox 1121 3313 1387 3366; x_wconf 87' lang='lat' dir='ltr'>Oberbeiehlshsber</span> 
     </span>
     <span class='ocr_line' id='line_1_31' title="bbox 213 3387 880 3450; baseline -0.001 -11"><span class='ocrx_word' id='word_1_284' title='bbox 213 3405 268 3439; x_wconf 91' lang='lat' dir='ltr'>non</span> <span class='ocrx_word' id='word_1_285' title='bbox 294 3387 454 3448; x_wconf 84' lang='lat' dir='ltr'>eminentes,</span> <span class='ocrx_word' id='word_1_286' title='bbox 480 3401 569 3450; x_wconf 89' lang='lat' dir='ltr'>neque</span> <span class='ocrx_word' id='word_1_287' title='bbox 597 3390 632 3437; x_wconf 83' lang='lat' dir='ltr'>ad</span> <span class='ocrx_word' id='word_1_288' title='bbox 660 3396 774 3445; x_wconf 82' lang='lat' dir='ltr'>maiores</span> <span class='ocrx_word' id='word_1_289' title='bbox 816 3397 880 3441; x_wconf 71' lang='lat' dir='ltr'>war.</span> 
     </span>
    </p>
   </div>
   <div class='ocr_carea' id='block_1_7' title="bbox 204 3467 1386 4392">
    <p class='ocr_par' dir='ltr' id='par_1_7' title="bbox 212 3467 1383 3540">
     <span class='ocr_line' id='line_1_32' title="bbox 212 3467 1383 3540; baseline 0.003 -18"><span class='ocrx_word' id='word_1_290' title='bbox 212 3469 327 3535; x_wconf 82' lang='lat' dir='ltr'>conatus</span> <span class='ocrx_word' id='word_1_291' title='bbox 345 3467 425 3528; x_wconf 82' lang='lat' dir='ltr'>aptos</span> <span class='ocrx_word' id='word_1_292' title='bbox 444 3468 665 3528; x_wconf 57' lang='lat' dir='ltr'>³U1P10P0¹1⁸0ffl</span> <span class='ocrx_word' id='word_1_293' title='bbox 819 3491 822 3494; x_wconf 82' lang='lat'>·</span> <span class='ocrx_word' id='word_1_294' title='bbox 849 3477 875 3527; x_wconf 85' lang='lat'>5.</span> <span class='ocrx_word' id='word_1_295' title='bbox 895 3478 963 3540; x_wconf 82' lang='lat' dir='ltr'>quod</span> <span class='ocrx_word' id='word_1_296' title='bbox 982 3476 1157 3540; x_wconf 78' lang='lat' dir='ltr'>difficillumum</span> <span class='ocrx_word' id='word_1_297' title='bbox 1175 3479 1201 3527; x_wconf 83' lang='lat' dir='ltr'>in</span> <span class='ocrx_word' id='word_1_298' title='bbox 1220 3477 1310 3540; x_wconf 77' lang='lat' dir='ltr'>primis</span> <span class='ocrx_word' id='word_1_299' title='bbox 1331 3473 1383 3540; x_wconf 77' lang='lat' dir='ltr'>eat]</span> 
     </span>
    </p>

    <p class='ocr_par' dir='ltr' id='par_1_8' title="bbox 208 3546 1385 3777">
     <span class='ocr_line' id='line_1_33' title="bbox 243 3546 1385 3620; baseline 0.003 -20"><span class='ocrx_word' id='word_1_300' title='bbox 243 3557 405 3601; x_wconf 67' lang='lat' dir='ltr'>maumorsos</span> <span class='ocrx_word' id='word_1_301' title='bbox 423 3546 487 3613; x_wconf 81' lang='lat' dir='ltr'>opit]</span> <span class='ocrx_word' id='word_1_302' title='bbox 506 3548 524 3598; x_wconf 90' lang='lat' dir='ltr'>i.</span> <span class='ocrx_word' id='word_1_303' title='bbox 539 3563 562 3598; x_wconf 93' lang='lat' dir='ltr'>e.</span> <span class='ocrx_word' id='word_1_304' title='bbox 582 3564 599 3598; x_wconf 86' lang='lat' dir='ltr'>s</span> <span class='ocrx_word' id='word_1_305' title='bbox 611 3555 686 3600; x_wconf 89' lang='lat' dir='ltr'>recta</span> <span class='ocrx_word' id='word_1_306' title='bbox 699 3569 773 3605; x_wconf 79' lang='lat' dir='ltr'>over·</span> <span class='ocrx_word' id='word_1_307' title='bbox 818 3552 849 3600; x_wconf 82' lang='lat' dir='ltr'>ln&#39;</span> <span class='ocrx_word' id='word_1_308' title='bbox 861 3556 950 3616; x_wconf 81' lang='lat' dir='ltr'>primic</span> <span class='ocrx_word' id='word_1_309' title='bbox 967 3556 1099 3618; x_wconf 90' lang='lat' dir='ltr'>quomodo</span> <span class='ocrx_word' id='word_1_310' title='bbox 1112 3556 1147 3606; x_wconf 82' lang='lat' dir='ltr'>nd</span> <span class='ocrx_word' id='word_1_311' title='bbox 1159 3555 1311 3620; x_wconf 79' lang='lat' dir='ltr'>augendam</span> <span class='ocrx_word' id='word_1_312' title='bbox 1324 3568 1385 3603; x_wconf 82' lang='lat' dir='ltr'>orn-</span> 
     </span>
     <span class='ocr_line' id='line_1_34' title="bbox 208 3625 1384 3698; baseline 0.003 -21"><span class='ocrx_word' id='word_1_313' title='bbox 208 3627 244 3678; x_wconf 90' lang='lat' dir='ltr'>tit</span> <span class='ocrx_word' id='word_1_314' title='bbox 262 3631 290 3676; x_wconf 89' lang='lat' dir='ltr'>et</span> <span class='ocrx_word' id='word_1_315' title='bbox 308 3626 336 3676; x_wconf 93' lang='lat' dir='ltr'>in</span> <span class='ocrx_word' id='word_1_316' title='bbox 354 3639 468 3690; x_wconf 81' lang='lat' dir='ltr'>pravum</span> <span class='ocrx_word' id='word_1_317' title='bbox 486 3625 636 3687; x_wconf 84' lang='lat' dir='ltr'>abstrahit;</span> <span class='ocrx_word' id='word_1_318' title='bbox 661 3629 695 3679; x_wconf 85' lang='lat' dir='ltr'>ef.</span> <span class='ocrx_word' id='word_1_319' title='bbox 714 3633 774 3698; x_wconf 82' lang='lat' dir='ltr'>lug,</span> <span class='ocrx_word' id='word_1_320' title='bbox 815 3631 964 3690; x_wconf 83' lang='lat' dir='ltr'>tiodisvim</span> <span class='ocrx_word' id='word_1_321' title='bbox 976 3648 1037 3682; x_wconf 91' lang='lat' dir='ltr'>cum</span> <span class='ocrx_word' id='word_1_322' title='bbox 1051 3633 1217 3698; x_wconf 85' lang='lat' dir='ltr'>superlativo</span> <span class='ocrx_word' id='word_1_323' title='bbox 1230 3632 1307 3696; x_wconf 85' lang='lat' dir='ltr'>iungi</span> <span class='ocrx_word' id='word_1_324' title='bbox 1319 3646 1384 3695; x_wconf 92' lang='lat' dir='ltr'>pos-</span> 
     </span>
     <span class='ocr_line' id='line_1_35' title="bbox 210 3705 1385 3777; baseline 0.005 -22"><span class='ocrx_word' id='word_1_325' title='bbox 210 3705 258 3767; x_wconf 80' lang='lat'>14,</span> <span class='ocrx_word' id='word_1_326' title='bbox 276 3705 319 3754; x_wconf 83' lang='lat'>20.</span> <span class='ocrx_word' id='word_1_327' title='bbox 817 3708 865 3771; x_wconf 88' lang='lat' dir='ltr'>sit,</span> <span class='ocrx_word' id='word_1_328' title='bbox 893 3710 974 3760; x_wconf 85' lang='lat' dir='ltr'>facile</span> <span class='ocrx_word' id='word_1_329' title='bbox 992 3711 1154 3777; x_wconf 83' lang='lat' dir='ltr'>intelligitur</span> <span class='ocrx_word' id='word_1_330' title='bbox 1176 3729 1209 3762; x_wconf 88' lang='lat' dir='ltr'>ex</span> <span class='ocrx_word' id='word_1_331' title='bbox 1227 3710 1385 3777; x_wconf 82' lang='lat' dir='ltr'>germanico</span> 
     </span>
    </p>

    <p class='ocr_par' dir='ltr' id='par_1_9' title="bbox 204 3778 1386 4392">
     <span class='ocr_line' id='line_1_36' title="bbox 243 3778 1385 3848; baseline 0.006 -15"><span class='ocrx_word' id='word_1_332' title='bbox 243 3799 279 3833; x_wconf 71' lang='lat' dir='ltr'>em</span> <span class='ocrx_word' id='word_1_333' title='bbox 297 3778 395 3848; x_wconf 80' lang='lat' dir='ltr'>quibus]</span> <span class='ocrx_word' id='word_1_334' title='bbox 415 3795 452 3831; x_wconf 86' lang='lat' dir='ltr'>sc.</span> <span class='ocrx_word' id='word_1_335' title='bbox 472 3781 580 3833; x_wconf 89' lang='lat' dir='ltr'>studiis.</span> <span class='ocrx_word' id='word_1_336' title='bbox 817 3785 1007 3837; x_wconf 74' lang='lat' dir='ltr'>transtatione:</span> <span class='ocrx_word' id='word_1_337' title='bbox 1037 3805 1090 3838; x_wconf 75' lang='lat' dir='ltr'>toas</span> <span class='ocrx_word' id='word_1_338' title='bbox 1108 3791 1162 3839; x_wconf 84' lang='lat' dir='ltr'>eine</span> <span class='ocrx_word' id='word_1_339' title='bbox 1178 3789 1266 3839; x_wconf 80' lang='lat' dir='ltr'>ddctst</span> <span class='ocrx_word' id='word_1_340' title='bbox 1281 3787 1385 3839; x_wconf 81' lang='lat' dir='ltr'>selumie-</span> 
     </span>
     <span class='ocr_line' id='line_1_37' title="bbox 213 3857 1385 3928; baseline 0.006 -17"><span class='ocrx_word' id='word_1_341' title='bbox 213 3865 216 3870; x_wconf 89' lang='lat'>&#39;</span> <span class='ocrx_word' id='word_1_342' title='bbox 240 3861 304 3912; x_wconf 87' lang='lat' dir='ltr'><strong>VII.</strong></span> <span class='ocrx_word' id='word_1_343' title='bbox 324 3860 348 3910; x_wconf 91' lang='lat'>1.</span> <span class='ocrx_word' id='word_1_344' title='bbox 368 3857 556 3925; x_wconf 83' lang='lat' dir='ltr'>circumventos]</span> <span class='ocrx_word' id='word_1_345' title='bbox 574 3860 593 3911; x_wconf 92' lang='lat' dir='ltr'>i.</span> <span class='ocrx_word' id='word_1_346' title='bbox 614 3875 637 3911; x_wconf 90' lang='lat' dir='ltr'>e.</span> <span class='ocrx_word' id='word_1_347' title='bbox 656 3877 775 3927; x_wconf 87' lang='lat' dir='ltr'>pressus,</span> <span class='ocrx_word' id='word_1_348' title='bbox 817 3863 1093 3928; x_wconf 74' lang='lat' dir='ltr'>ripeAufpateerster</span> <span class='ocrx_word' id='word_1_349' title='bbox 1105 3868 1200 3917; x_wconf 80' lang='lat' dir='ltr'>Grdsse</span> <span class='ocrx_word' id='word_1_350' title='bbox 1212 3869 1252 3916; x_wconf 85' lang='lat' dir='ltr'>ist.</span> <span class='ocrx_word' id='word_1_351' title='bbox 1274 3866 1312 3916; x_wconf 81' lang='lat' dir='ltr'>cf.</span> <span class='ocrx_word' id='word_1_352' title='bbox 1325 3864 1385 3918; x_wconf 78' lang='lat' dir='ltr'>(tie.</span> 
     </span>
     <span class='ocr_line' id='line_1_38' title="bbox 206 3934 1386 4008; baseline 0.003 -20"><span class='ocrx_word' id='word_1_353' title='bbox 206 3939 265 3989; x_wconf 83' lang='lat' dir='ltr'>sive</span> <span class='ocrx_word' id='word_1_354' title='bbox 283 3934 448 4001; x_wconf 75' lang='lat' dir='ltr'>implicatus.</span> <span class='ocrx_word' id='word_1_355' title='bbox 817 3938 845 3986; x_wconf 93' lang='lat' dir='ltr'>in</span> <span class='ocrx_word' id='word_1_356' title='bbox 867 3938 943 3990; x_wconf 88' lang='lat' dir='ltr'>Verr.</span> <span class='ocrx_word' id='word_1_357' title='bbox 967 3941 1024 4003; x_wconf 89' lang='grc' dir='ltr'>ΙΙΙ,</span> <span class='ocrx_word' id='word_1_358' title='bbox 1051 3943 1098 4005; x_wconf 83' lang='lat'>27,</span> <span class='ocrx_word' id='word_1_359' title='bbox 1120 3942 1163 3993; x_wconf 80' lang='lat'>68.</span> <span class='ocrx_word' id='word_1_360' title='bbox 1186 3943 1277 4008; x_wconf 82' lang='lat' dir='ltr'>Itaque</span> <span class='ocrx_word' id='word_1_361' title='bbox 1293 3942 1386 3993; x_wconf 73' lang='lat' dir='ltr'>dontius*</span> 
     </span>
     <span class='ocr_line' id='line_1_39' title="bbox 222 4012 1384 4085; baseline 0.009 -25"><span class='ocrx_word' id='word_1_362' title='bbox 222 4017 268 4068; x_wconf 85' lang='lat'>.2.</span> <span class='ocrx_word' id='word_1_363' title='bbox 298 4014 363 4064; x_wconf 85' lang='lat' dir='ltr'>betto</span> <span class='ocrx_word' id='word_1_364' title='bbox 386 4012 546 4079; x_wconf 82' lang='lat' dir='ltr'>Numantino]</span> <span class='ocrx_word' id='word_1_365' title='bbox 575 4014 648 4065; x_wconf 92' lang='lat' dir='ltr'>Illud</span> <span class='ocrx_word' id='word_1_366' title='bbox 674 4013 774 4064; x_wconf 87' lang='lat' dir='ltr'>bellum</span> <span class='ocrx_word' id='word_1_367' title='bbox 814 4015 840 4062; x_wconf 81' lang='lat' dir='ltr'>tn</span> <span class='ocrx_word' id='word_1_368' title='bbox 866 4019 953 4077; x_wconf 80' lang='lat' dir='ltr'>primic</span> <span class='ocrx_word' id='word_1_369' title='bbox 981 4021 1159 4081; x_wconf 73' lang='lat' dir='ltr'>inprobissimo</span> <span class='ocrx_word' id='word_1_370' title='bbox 1188 4020 1257 4085; x_wconf 78' lang='lat' dir='ltr'>(dero</span> <span class='ocrx_word' id='word_1_371' title='bbox 1279 4023 1384 4085; x_wconf 76' lang='lat' dir='ltr'>drpsten</span> 
     </span>
     <span class='ocr_line' id='line_1_40' title="bbox 207 4089 1307 4162; baseline 0.008 -22"><span class='ocrx_word' id='word_1_372' title='bbox 207 4096 310 4142; x_wconf 86' lang='lat' dir='ltr'>motum</span> <span class='ocrx_word' id='word_1_373' title='bbox 326 4106 352 4141; x_wconf 84' lang='lat' dir='ltr'>s.</span> <span class='ocrx_word' id='word_1_374' title='bbox 373 4089 431 4141; x_wconf 85' lang='grc'><strong>143.</strong></span> <span class='ocrx_word' id='word_1_375' title='bbox 456 4107 481 4142; x_wconf 84' lang='lat' dir='ltr'>a.</span> <span class='ocrx_word' id='word_1_376' title='bbox 504 4093 568 4143; x_wconf 82' lang='lat' dir='ltr'>Chr.</span> <span class='ocrx_word' id='word_1_377' title='bbox 593 4107 635 4143; x_wconf 89' lang='lat' dir='ltr'>n.·</span> <span class='ocrx_word' id='word_1_378' title='bbox 648 4091 772 4143; x_wconf 81' lang='lat' dir='ltr'>Viriatho</span> <span class='ocrx_word' id='word_1_379' title='bbox 814 4090 904 4156; x_wconf 78' lang='lat' dir='ltr'>Sedust</span> <span class='ocrx_word' id='word_1_380' title='bbox 921 4103 1003 4144; x_wconf 79' lang='lat' dir='ltr'>crater</span> <span class='ocrx_word' id='word_1_381' title='bbox 1022 4096 1128 4162; x_wconf 68' lang='lat' dir='ltr'>diuisos)</span> <span class='ocrx_word' id='word_1_382' title='bbox 1146 4099 1307 4161; x_wconf 79' lang='lat' dir='ltr'>respondent.</span> 
     </span>
     <span class='ocr_line' id='line_1_41' title="bbox 206 4167 1383 4246; baseline 0.016 -30"><span class='ocrx_word' id='word_1_383' title='bbox 206 4167 337 4234; x_wconf 84' lang='lat' dir='ltr'>imprimis</span> <span class='ocrx_word' id='word_1_384' title='bbox 355 4171 523 4234; x_wconf 78' lang='lat' dir='ltr'>concitante,</span> <span class='ocrx_word' id='word_1_385' title='bbox 544 4176 632 4237; x_wconf 87' lang='lat' dir='ltr'>etper</span> <span class='ocrx_word' id='word_1_386' title='bbox 647 4171 773 4221; x_wconf 86' lang='lat' dir='ltr'>undecim</span> <span class='ocrx_word' id='word_1_387' title='bbox 850 4193 885 4226; x_wconf 69' lang='lat' dir='ltr'>ea:</span> <span class='ocrx_word' id='word_1_388' title='bbox 900 4177 1067 4245; x_wconf 63' lang='lat' dir='ltr'>prouidentia]</span> <span class='ocrx_word' id='word_1_389' title='bbox 1088 4198 1114 4230; x_wconf 88' lang='lat' dir='ltr'>v.</span> <span class='ocrx_word' id='word_1_390' title='bbox 1140 4183 1175 4234; x_wconf 83' lang='lat' dir='ltr'>ad</span> <span class='ocrx_word' id='word_1_391' title='bbox 1199 4181 1260 4233; x_wconf 79' lang='lat' dir='ltr'>Cat,</span> <span class='ocrx_word' id='word_1_392' title='bbox 1286 4183 1334 4246; x_wconf 81' lang='lat'>12,</span> <span class='ocrx_word' id='word_1_393' title='bbox 1356 4187 1383 4240; x_wconf 81' lang='lat'>2.</span> 
     </span>
     <span class='ocr_line' id='line_1_42' title="bbox 205 4248 1382 4313; baseline 0.016 -19"><span class='ocrx_word' id='word_1_394' title='bbox 205 4258 291 4296; x_wconf 76' lang='lat' dir='ltr'>annos</span> <span class='ocrx_word' id='word_1_395' title='bbox 309 4248 475 4312; x_wconf 84' lang='lat' dir='ltr'>improspere</span> <span class='ocrx_word' id='word_1_396' title='bbox 490 4249 650 4298; x_wconf 85' lang='lat' dir='ltr'>aRomanis</span> <span class='ocrx_word' id='word_1_397' title='bbox 665 4253 771 4312; x_wconf 88' lang='lat' dir='ltr'>gestum</span> <span class='ocrx_word' id='word_1_398' title='bbox 813 4279 849 4292; x_wconf 81' lang='lat'>-</span> <span class='ocrx_word' id='word_1_399' title='bbox 871 4255 913 4304; x_wconf 88' lang='lat' dir='ltr'>De</span> <span class='ocrx_word' id='word_1_400' title='bbox 941 4256 1119 4308; x_wconf 87' lang='lat' dir='ltr'>membrorum</span> <span class='ocrx_word' id='word_1_401' title='bbox 1145 4260 1267 4310; x_wconf 82' lang='lat' dir='ltr'>chicsmo</span> <span class='ocrx_word' id='word_1_402' title='bbox 1294 4276 1321 4311; x_wconf 87' lang='lat' dir='ltr'>v.</span> <span class='ocrx_word' id='word_1_403' title='bbox 1347 4263 1382 4313; x_wconf 80' lang='lat' dir='ltr'>sd</span> 
     </span>
     <span class='ocr_line' id='line_1_43' title="bbox 204 4321 971 4392; baseline 0.014 -22"><span class='ocrx_word' id='word_1_404' title='bbox 204 4336 232 4371; x_wconf 80' lang='lat' dir='ltr'>a.</span> <span class='ocrx_word' id='word_1_405' title='bbox 258 4321 319 4375; x_wconf 78' lang='lat'>1³3.</span> <span class='ocrx_word' id='word_1_406' title='bbox 342 4338 403 4373; x_wconf 89' lang='lat' dir='ltr'>cum</span> <span class='ocrx_word' id='word_1_407' title='bbox 426 4328 486 4389; x_wconf 90' lang='lat' dir='ltr'>ipso</span> <span class='ocrx_word' id='word_1_408' title='bbox 505 4326 672 4376; x_wconf 80' lang='lat' dir='ltr'>Numantiae</span> <span class='ocrx_word' id='word_1_409' title='bbox 695 4325 770 4375; x_wconf 85' lang='lat' dir='ltr'>urbis</span> <span class='ocrx_word' id='word_1_410' title='bbox 814 4328 874 4380; x_wconf 81' lang='lat' dir='ltr'>Cot.</span> <span class='ocrx_word' id='word_1_411' title='bbox 893 4331 922 4392; x_wconf 79' lang='lat'>2,</span> <span class='ocrx_word' id='word_1_412' title='bbox 945 4333 971 4382; x_wconf 81' lang='lat'>5.</span> 
     </span>
    </p>
   </div>
   <div class='ocr_carea' id='block_1_8' title="bbox 0 0 1516 4852">
    <p class='ocr_par' dir='ltr' id='par_1_10' title="bbox 0 0 1516 4852">
     <span class='ocr_line' id='line_1_44' title="bbox 0 0 1516 4852; baseline 0 0"><span class='ocrx_word' id='word_1_413' title='bbox 0 0 1516 4852; x_wconf 95' lang='lat' dir='ltr'> </span> 
     </span>
    </p>
   </div>
  </div>
 </body>
</html>
