3024 4852
602 295 857 346 sncunnnruu.
1255 289 1314 348 117

214 461 258 512 37.
294 458 344 510 ubi
357 456 445 509 turbis
459 455 613 509 tribuniciis
626 455 737 508 comitia
748 454 944 522 impediuntur.
959 479 992 490 -
1007 453 1118 506 Interea
1129 454 1217 508 Aulus
1228 457 1317 509 hieme

145 547 302 616 imprudens
321 543 521 611 expeditionem
538 545 667 610 suscipit,

215 638 258 690 38.
296 641 324 688 et
342 651 360 686 a
376 633 512 700 iugurtha
533 633 563 682 in
584 632 701 683 insidias
719 631 847 683 inductus
866 627 1083 695 gravissimaque
1104 626 1184 680 clade
1201 628 1317 680 affectus

147 741 209 777 curn
227 724 350 776 exercitu
367 721 417 772 sub
436 721 530 786 iugum
548 720 673 772 mittitur.
743 755 744 760 ι

216 811 260 863 39.
295 811 398 876 Magna
416 823 448 858 eo
470 805 654 856 consternatio
672 805 775 856 Romae
802 808 875 865 orta,
904 801 1002 854 consul
1019 800 1150 865 Albinus,
1176 803 1258 853 rebus
1277 803 1318 853 al-

147 902 228 952 ilictis
245 897 349 951 mederi
366 897 470 947 trustra
489 893 637 959 quaerens,
659 893 687 942 in
705 891 826 942 Africam
845 890 914 942 abit.

215 988 260 1040 40.
296 988 400 1038 Romae
423 985 536 1033 auctore
559 980 589 1032 0.
607 976 731 1029 Mamilio
749 977 874 1042 quaestio
898 977 1004 1037 ineos,
1033 974 1080 1040 qui
1104 990 1160 1024 rem
1179 975 1208 1024 in
1223 973 1318 1026 Africa

148 1078 344 1143 corruperant,
363 1067 459 1136 aspere
477 1068 628 1134 exercetur.

156 1349 159 1354 ,
218 1297 262 1348 41.
298 1293 441 1361 Digreseio
465 1292 499 1342 de
521 1284 772 1366 partiumnstudiis.
797 1312 831 1321 -
862 1285 1016 1338 Concordia
1038 1292 1101 1352 post
1126 1288 1319 1354 Carthaginem

149 1385 266 1437 deletam
281 1381 409 1444 sublata,
428 1377 583 1429 nobilitatis
600 1375 686 1425 factio
705 1376 799 1423 exorta
819 1375 874 1434 est,
891 1387 961 1437 quae
979 1375 1096 1425 avaritia
1115 1379 1143 1425 et
1160 1375 1321 1427 dominatio-

150 1474 193 1522 nis
214 1469 368 1536 cupiditate
387 1466 478 1518 omnia
496 1463 626 1528 corrupit.

185 1597 187 1600 .
219 1559 262 1606 42.
299 1554 323 1605 A
347 1554 389 1604 Ti.
417 1555 444 1602 et
468 1551 500 1602 C.
526 1547 652 1616 Graccho,
679 1548 788 1596 tentata
814 1545 951 1596 libertatis
982 1544 1104 1597 defensio
1129 1548 1262 1600 maximas
1290 1552 1318 1598 et

149 1634 278 1696 'cruentas
297 1631 485 1693 contentiones
505 1636 608 1704 genuit.

220 1849 263 1901 43.
299 1843 426 1896 Metellus
444 1857 499 1896 eos.
519 1841 610 1892 iactus
628 1841 729 1905 magna
748 1855 829 1902 cura,
853 1837 977 1888 omnibus
996 1837 1196 1902 annitentibus,
1220 1827 1322 1889 bellum

171 1938 244 1986 arat.
702 1968 706 1974 s

151 1952 169 2002 p
219 2022 264 2072 44.
299 2019 332 2068 In
356 2017 450 2068 Africa
478 2013 628 2064 exercitum
651 1968 847 2064 incredibiliter
872 2012 1029 2075 corruptum
1057 2012 1084 2059 et
1113 2002 1248 2057 imbellem
1276 2022 1323 2058 ac-

147 2109 177 2159 ci
197 2108 229 2160 it.

178 2124 196 2174 p
221 2195 265 2247 45.
302 2193 374 2242 Eum
392 2203 493 2253 magna
511 2185 648 2250 sapientia
666 2185 802 2235 emendat.

220 2282 266 2333 46.
299 2276 465 2343 Iugurthae,
483 2273 538 2323 iam
552 2271 718 2323 deditionem
732 2263 875 2333 offerenti,
894 2269 974 2320 fidem
993 2265 1157 2329 nonhabet,
1177 2263 1226 2315 sed
1244 2268 1324 2315 caute

152 2385 213 2420 cum
232 2365 352 2416 exercitu
334 2361 514 2428 uprocedit,
532 2375 621 2426 neque
639 2363 741 2425 pacata
758 2345 902 2412 Numidiae
922 2357 994 2407 facie
1012 2354 1048 2405 ad
1066 2351 1256 2404 remittendam
1273 2352 1325 2404 cir-

153 2470 280 2520 cumspec
282 2454 383 2508 tionem
399 2447 546 2499 inducitur.

221 2543 265 2592 47.
301 2540 409 2604 Vagam
426 2534 562 2602 praesidio
581 2535 714 2597 occupat,
716 2527 894 2596 Iugurtham
912 2529 1041 2594 ambigua
1060 2543 1108 2592 spe
1126 2527 1203 2594 pacis
1222 2525 1307 2576 ducit.

222 2629 265 2682 48.
301 2627 330 2676 Is
349 2624 411 2675 dolo
429 2620 621 2694 animadverso
640 2619 673 2670 de
690 2614 798 2695 integro
815 2616 917 2667 bellum
935 2615 1033 2678 sumit,
1053 2631 1086 2666 ac
1103 2613 1241 2666 Metello
1233 2628 1262 2663 ιιι
1280 2611 1328 2661 iti-

154 2734 218 2768 nere
232 2696 348 2766 iusidias
366 2708 456 2761 struit.

223 2803 267 2855 40.
304 2795 471 2850 Insidiarum
487 2793 572 2853 ratio;
592 2792 626 2840 iis
643 2789 771 2863 Metellus
789 2788 936 2854 prudenter
953 2779 1093 2837 occurrit.

224 2891 268 2942 50.
304 2889 403 2950 Pugna
421 2879 567 2931 commissa
585 2877 702 2928 Romani
719 2875 799 2949 valde
817 2891 833 2925 a
850 2873 975 2925 Numidis
990 2873 1159 2939 premuntur.

224 2976 266 3026 51.
304 2968 431 3022 Metellus
449 2980 531 3031 aegre
549 2962 683 3025 sustinet,
703 2961 751 3012 sed

225 3063 268 3111 52.
303 3055 430 3120 Denique
450 3053 544 3126 hostes
563 3039 664 3142 fundit.
700 3037 810 3098 Interea
831 3033 937 3098 Rutilio
956 3043 1049 3108 legato
1071 3037 1222 3106 periculum
1241 3053 1258 3090 a
1274 3037 1328 3086 Bo-

157 3147 268 3198 milcare
285 3143 422 3200 imminet,
473 3160 478 3164 ·

226 3232 269 3284 53.
306 3245 360 3297 quo
379 3225 495 3298 feliciter
511 3220 686 3287 propulsato,
708 3218 789 3286 plena
808 3216 925 3267 victoria
943 3231 960 3265 a
977 3213 1108 3264 Romanis
1120 3211 1292 3276 reportatur.

226 3321 269 3370 54.
307 3313 434 3394 Metellus
452 3293 615 3383 Iugurtham
636 3305 715 3360 clade
737 3309 852 3372 accepta
871 3319 926 3354 non
948 3303 1067 3396 fractum
1091 3299 1166 3365 agris
1185 3294 1328 3348 vastandis

156 3411 245 3473 urget.
412 3405 420 3418 '

226 3494 268 3547 55.
305 3487 444 3542 Victoriae
467 3484 578 3536 nuntius
600 3481 701 3533 Romae
724 3494 828 3530 summo
852 3476 952 3544 gaudio
976 3475 1168 3538 acceptus-
1197 3467 1331 3534 Iugurtha

156 3585 298 3653 Romanos
313 3575 450 3629 continuo
463 3570 588 3632 lacessit,

227 3647 270 3719 56.
306 3661 433 3716 Metellus
451 3661 562 3710 Zamam
581 3669 739 3722 oppugnare
757 3655 850 3719 parat,
868 3649 932 3700 dum
950 3647 1054 3704 Marius
1070 3645 1167 3698 Siccae
1185 3645 1281 3708 repent
1283 3641 1327 3690 ino

159 3753 310 3821 Iugurthae
327 3747 457 3816 impetu
450 3763 478 3796 ιιι
496 3742 641 3797 discrimen
655 3741 817 3812 adducitur.

226 3843 270 3892 57.
306 3838 349 3889 Ad
366 3838 477 3887 Zamam
494 3832 594 3884 acriter
613 3844 674 3880 cum
692 3825 836 3893 oppidanis
852 3824 1000 3887 pugnatur.

227 3927 272 3978 58.
297 3921 443 4002 'Iugurtha
470 3921 562 3994 castra
590 3917 715 3966 Romana
747 3909 855 3972 invadit
887 3921 1066 3972 magnamque
1098 3903 1331 3971 perturbationem

162 4013 256 4082 efficit.

232 4099 275 4152 59.
311 4096 410 4160 Pugna
433 4090 469 4141 ad
487 4091 580 4139 castra
596 4086 781 4147 ιοὶ4ριιι4ιιικ

231 4185 274 4236 60.
310 4182 412 4232 Zamae
431 4172 599 4243 oppugnatio
616 4171 718 4222 virtute
737 4165 933 4233 oppidanorum
950 4161 1053 4212 frustra
1072 4165 1124 4212 est.

233 4270 276 4321 61.
313 4264 474 4318 Metellus'
467 4280 495 4314 m
514 4261 628 4312 hiberna
646 4255 778 4317 discedit,
806 4255 834 4302 et
851 4245 1039 4314 Bomilcarem
1049 4247 1085 4298 ad
1102 4242 1263 4312 Iugurtham
1281 4241 1335 4294 sibi

165 4355 327 4407 tradendum
346 4351 470 4418 impellit.
