3028 4852
192 305 257 352 VIII
435 366 438 373 Ι
610 296 777 345 EDI'I'ORIS
801 293 973 344 EPISTOLA

190 457 322 540 fundat,
344 454 403 519 sed
425 455 524 518 etiam
545 454 728 539 praesentis
750 449 1000 516 benevolentiae
1022 450 1113 516 Tuae
1139 452 1360 537 gratissimam

192 576 424 664 cogitationem
452 572 587 653 excitet,
615 570 726 636 verbis
754 571 814 634 vix
841 570 907 634 dici
934 559 1058 657 potest:
1104 569 1255 637 Profecto
1279 593 1360 635 nun·

190 719 289 786 quam
323 694 514 775 dubitastis,
545 691 618 756 Viri
646 687 884 771 Illustrissimi,
919 689 999 775 quin
1026 687 1174 754 favorem
1206 689 1361 755 Vestrum

191 814 314 881 homini
335 835 401 878 non
416 813 546 898 ingrato
559 809 766 891 tribueritis3
790 806 848 872 sed
868 813 978 871 tamen
1001 809 1131 872 animus
1155 807 1302 895 subegit,
1324 818 1361 874 ut

191 959 258 1002 non
275 935 376 998 tacita
395 938 503 996 mente
517 928 671 993 Vestram
686 927 923 1012 benignitatem
945 925 1101 1011 colerem,
1125 927 1198 1010 sed,
1228 928 1256 991 si
1284 927 1360 992 fieri

190 1062 317 1144 posset,
346 1051 479 1139 publica
512 1047 623 1133 aliqua
654 1044 883 1109 testificatione
907 1055 1036 1131 gratum
1063 1048 1099 1111 in
1118 1048 1187 1113 Vos
1215 1048 1359 1112 animum

192 1173 401 1239 declararem.
441 1167 556 1254 Neque
577 1163 746 1229 commoda
773 1164 843 1229 eius
866 1166 915 1230 rei
943 1168 1071 1232 occasio
1097 1169 1234 1232 multum
1263 1187 1360 1254 quae-

192 1293 295 1358 renda
316 1290 390 1354 fuit.
438 1285 522 1348 Nam
544 1285 621 1347 lieet
641 1282 711 1347 ludi
730 1283 887 1367 magister
908 1253 1083 1350 sere'nihil
1108 1285 1228 1351 habeat
1234 1335 1252 1374 ,¹
1272 1286 1361 1373 quod

192 1411 301 1497 aliquo
331 1426 466 1471 numero
499 1411 596 1489 atque
625 1403 765 1466 honore·
780 1401 838 1485 sit,
867 1411 997 1489 praeter
1023 1405 1148 1469 litteras
1177 1406 1361 1493 suas,'hoe

192 1534 298 1618 ipsum
318 1535 428 1591 tamen
446 1532 573 1588 tantum
593 1529 658 1605 est,
681 1529 731 1603 ut,
754 1523 782 1585 si
803 1521 883 1608 quid
901 1543 943 1586 ex
966 1522 1028 1587 hoc
1053 1524 1248 1590 inexhausto
1274 1549 1359 1590 sum·

192 1671 264 1712 mae
287 1646 506 1734 praestantiae
529 1643 619 1708 fonte
642 1639 851 1727 depromatur
874 1621 1018 1705 studiose
1041 1641 1241 1708 elaboratum
1262 1653 1360 1732 atque

193 1766 388 1854 expolitum,
410 1786 476 1828 non
497 1761 677 1827 verendum
697 1759 753 1843 sit,
780 1767 817 1823 ut
843 1759 925 1823 viris
951 1759 1099 1824 doctrina
1119 1764 1243 1850 pariter
1262 1774 1361 1852 atque

193 1887 337 1951 muneris
365 1884 524 1968 dignitate
552 1879 739 1965 insignibus
763 1887 851 1943 recte
878 1878 988 1943 offerri
1016 1881 1129 1967 possit.
1181 1882 1291 1963 Quare
1314 1886 1362 1950 sie

193 2006 327 2087 habete,
351 2025 448 2090 saepe
471 2022 536 2083 me,
560 2021 659 2085 quum
683 1997 884 2062 conficienda
906 1998 968 2062 hac
989 1999 1131 2064 editione
1151 2010 1296 2084 tenerer,
1321 2002 1362 2067 de

194 2125 297 2190 Vobis
320 2122 500 2208 cogitasse,
528 2139 635 2204 neque
663 2116 768 2180 maius
790 2125 887 2203 atque
913 2119 1022 2182 acrius
1041 2119 1289 2185 incitamentum
1306 2123 1361 2186 ha-

193 2243 305 2309 buisse
328 2240 372 2304 ad
393 2218 555 2303 summum
582 2235 724 2300 studium
750 2235 856 2299 labori
877 2258 949 2301 meo
972 2238 1242 2324 impendendum,
1265 2263 1362 2327 quam

193 2361 281 2449 quod
309 2359 390 2423 mihi
420 2377 548 2444 semper
581 2356 615 2419 in
640 2355 749 2420 animo
776 2353 864 2438 fuit,
884 2363 920 2420 ut
943 2355 1043 2420 talem
1070 2361 1201 2443 operam
1228 2362 1361 2446 egregio

193 2479 343 2566 scriptori
370 2498 540 2558 navarem,
564 2497 647 2562 quae
669 2475 789 2555 Vobis,
815 2473 1124 2560 intelligentissimis
1153 2479 1361 2564 antiquarum

193 2600 376 2672 litterarum
398 2592 691 2677 existimatoribus,
713 2591 915 2679 probaretur.

280 2715 369 2797 Quid
391 2723 499 2779 autern
521 2714 663 2776 maxime
686 2721 816 2778 secutus
838 2715 915 2797 sim,
929 2713 1049 2801 paucis
1063 2713 1167 2779 Vobis
1189 2736 1361 2801 exponam.

279 2835 399 2904 Vitatis
422 2841 491 2896 tum
517 2832 703 2896 criticarum
732 2833 989 2920 disputationum
1015 2832 1152 2898 salebris
1174 2842 1243 2897 tum
1265 2857 1362 2920 quae-

194 2958 335 3022 stionum
355 2955 639 3040 grammaticarum
657 2950 866 3037 ambagibus,
890 2974 928 3016 ao
950 2951 1047 3015 simul
1068 2954 1197 3036 ingrato
1216 2974 1363 3017 errorum

194 3075 445 3141 refutandorum
467 3073 598 3158 negotio
617 3071 789 3157 inutilique
806 3070 972 3134 doctrinae
988 3073 1218 3154 ostentatione,
1242 3070 1361 3158 quibus

194 3192 292 3260 rebus
314 3194 505 3280 plerumque
527 3190 561 3255 id
585 3190 740 3272 efficitur,
761 3198 797 3253 ut
818 3190 948 3254 invitati
965 3188 1007 3253 ad
1027 3212 1161 3254 coenam
1182 3189 1361 3277 pulcherri-

194 3333 279 3376 mam
299 3311 443 3399 hospites
468 3333 534 3374 non
564 3310 686 3396 paratis
709 3308 849 3395 dapibus
874 3307 940 3372 frui
960 3310 1105 3396 possint,
1130 3309 1187 3374 sed
1210 3311 1304 3396 quasi
1325 3311 1361 3373 in

194 3432 337 3496 culinam
361 3428 520 3516 compulsi
552 3426 748 3493 confectioni
778 3430 947 3515 epularum
974 3428 1039 3515 ipsi
1064 3428 1222 3492 interesse
1244 3449 1362 3514 cogan-

193 3560 262 3628 tur,
281 3551 321 3614 iis
342 3548 500 3635 imprimis
518 3548 701 3612 consultum
720 3547 823 3629 volui,
840 3568 975 3633 quorum
993 3547 1129 3610 interest
1148 3534 1238 3612 recta
1258 3569 1361 3634 eaque

194 3669 435 3756 simplicissima
459 3667 515 3731 via
542 3666 584 3730 ad
614 3667 735 3730 iustum
763 3666 931 3752 scriptoris
954 3664 1155 3730 intellectum
1178 3668 1361 3753 pervenire.

195 3789 304 3870 Quare
319 3787 354 3851 id
365 3808 496 3873 operam
510 3784 603 3868 dedi,
619 3793 673 3869 ut,
694 3808 777 3871 quae
797 3785 986 3850 obscuriora
1003 3792 1129 3870 essent,
1145 3793 1201 3849 aut
1218 3786 1361 3872 aliquam

192 3905 420 3973 difficultatem
442 3903 614 3986 haberent,
646 3913 813 3987 accurata,
838 3902 932 3969 brevi
947 3911 980 3967 et
1003 3925 1100 3989 quam
1126 3907 1267 3970 maxime
1291 3928 1362 3991 per·

192 4027 308 4113 spicue
339 4024 559 4110 explicatione
581 4022 794 4105 illustrarem,
821 4045 916 4086 usum
947 4021 1073 4086 dicendi
1105 4023 1260 4088 Sallustio
1288 4047 1361 4111 pro

191 4147 299 4232 prium
327 4142 449 4227 ubique
478 4149 710 4224 monstrarem,
735 4143 969 4207 sententiarum
996 4163 1134 4223 nexum,
1164 4142 1269 4206 sicubi
1291 4167 1362 4231 per-

190 4262 319 4351 plexior
341 4269 444 4344 esset,
468 4261 673 4348 expedirem,
703 4269 812 4326 cetera
837 4260 959 4339 omnia,
983 4279 1066 4347 quae
1085 4267 1245 4324 attentum
1264 4263 1361 4326 leoto-

190 4403 261 4446 rcm
293 4402 359 4444 non
391 4388 574 4462 morantur,
609 4381 737 4444 etiamsi
769 4378 823 4446 vel
850 4377 1148 4444 ‘commodissimam
1179 4379 1365 4445 disserendi
