<?xml version="1.0" encoding="UTF-8"?>
<!DOCTYPE html PUBLIC "-//W3C//DTD XHTML 1.0 Transitional//EN"
    "http://www.w3.org/TR/xhtml1/DTD/xhtml1-transitional.dtd">
<html xmlns="http://www.w3.org/1999/xhtml" xml:lang="en" lang="en">
 <head>
  <title>
</title>
<meta http-equiv="Content-Type" content="text/html;charset=utf-8" />
  <meta name='ocr-system' content='tesseract 3.04.00' />
  <meta name='ocr-capabilities' content='ocr_page ocr_carea ocr_par ocr_line ocrx_word'/>
</head>
<body>
  <div class='ocr_page' id='page_1' title='image "./catilinaiugurth01sallgoog_0178.png"; bbox 0 0 3024 4852; ppageno 0'>
   <div class='ocr_carea' id='block_1_1' title="bbox 520 305 1294 370">
    <p class='ocr_par' dir='ltr' id='par_1_1' title="bbox 520 305 1294 370">
     <span class='ocr_line' id='line_1_1' title="bbox 520 305 1294 370; baseline -0.003 -2"><span class='ocrx_word' id='word_1_1' title='bbox 520 321 713 370; x_wconf 80' lang='lat' dir='ltr'><strong>roconran.</strong></span> <span class='ocrx_word' id='word_1_2' title='bbox 743 320 773 368; x_wconf 91' lang='lat' dir='ltr'><strong>o.</strong></span> <span class='ocrx_word' id='word_1_3' title='bbox 797 320 895 367; x_wconf 84' lang='lat' dir='ltr'><strong>xxxr.</strong></span> <span class='ocrx_word' id='word_1_4' title='bbox 1235 305 1294 366; x_wconf 77' lang='lat'><strong>159</strong></span> 
     </span>
    </p>
   </div>
   <div class='ocr_carea' id='block_1_2' title="bbox 18 472 1328 2549">
    <p class='ocr_par' dir='ltr' id='par_1_2' title="bbox 18 472 1295 562">
     <span class='ocr_line' id='line_1_2' title="bbox 18 472 1295 562; baseline -0.002 -26"><span class='ocrx_word' id='word_1_5' title='bbox 18 543 23 562; x_wconf 24' lang='grc' dir='ltr'>λ</span> <span class='ocrx_word' id='word_1_6' title='bbox 74 485 114 536; x_wconf 83' lang='grc'><strong>16</strong></span> <span class='ocrx_word' id='word_1_7' title='bbox 127 486 183 538; x_wconf 89' lang='lat' dir='ltr'><strong>est.</strong></span> <span class='ocrx_word' id='word_1_8' title='bbox 229 477 358 554; x_wconf 79' lang='lat' dir='ltr'><strong>Quodsi</strong></span> <span class='ocrx_word' id='word_1_9' title='bbox 384 487 441 540; x_wconf 88' lang='lat' dir='ltr'><strong>tarn</strong></span> <span class='ocrx_word' id='word_1_10' title='bbox 461 495 516 538; x_wconf 86' lang='lat' dir='ltr'><strong>vos</strong></span> <span class='ocrx_word' id='word_1_11' title='bbox 538 477 680 539; x_wconf 79' lang='lat' dir='ltr'>libertatis</span> <span class='ocrx_word' id='word_1_12' title='bbox 703 495 799 538; x_wconf 91' lang='lat' dir='ltr'><strong>curam</strong></span> <span class='ocrx_word' id='word_1_13' title='bbox 824 474 990 554; x_wconf 87' lang='lat' dir='ltr'><strong>haberetis,</strong></span> <span class='ocrx_word' id='word_1_14' title='bbox 1019 492 1104 553; x_wconf 86' lang='lat' dir='ltr'><strong>quam</strong></span> <span class='ocrx_word' id='word_1_15' title='bbox 1124 473 1167 534; x_wconf 93' lang='lat' dir='ltr'><strong>illi</strong></span> <span class='ocrx_word' id='word_1_16' title='bbox 1188 472 1225 535; x_wconf 92' lang='lat' dir='ltr'><strong>ad</strong></span> <span class='ocrx_word' id='word_1_17' title='bbox 1245 472 1295 534; x_wconf 93' lang='lat' dir='ltr'><strong>do·</strong></span> 
     </span>
    </p>

    <p class='ocr_par' dir='ltr' id='par_1_3' title="bbox 125 585 1295 668">
     <span class='ocr_line' id='line_1_3' title="bbox 125 585 1295 668; baseline -0.003 -21"><span class='ocrx_word' id='word_1_18' title='bbox 125 589 311 650; x_wconf 76' lang='lat' dir='ltr'><strong>minatIonem</strong></span> <span class='ocrx_word' id='word_1_19' title='bbox 336 590 454 649; x_wconf 76' lang='lat' dir='ltr'><strong>accensi</strong></span> <span class='ocrx_word' id='word_1_20' title='bbox 479 598 560 666; x_wconf 91' lang='lat' dir='ltr'><strong>sunt,</strong></span> <span class='ocrx_word' id='word_1_21' title='bbox 591 589 728 668; x_wconf 88' lang='lat' dir='ltr'><strong>prolecto</strong></span> <span class='ocrx_word' id='word_1_22' title='bbox 758 603 854 665; x_wconf 82' lang='lat' dir='ltr'><strong>neque</strong></span> <span class='ocrx_word' id='word_1_23' title='bbox 887 585 1070 666; x_wconf 80' lang='lat' dir='ltr'>respublica,</span> <span class='ocrx_word' id='word_1_24' title='bbox 1102 585 1186 645; x_wconf 88' lang='lat' dir='ltr'><strong>sicuti</strong></span> <span class='ocrx_word' id='word_1_25' title='bbox 1208 601 1295 660; x_wconf 88' lang='lat' dir='ltr'><strong>nunc,</strong></span> 
     </span>
    </p>

    <p class='ocr_par' dir='ltr' id='par_1_4' title="bbox 18 695 1296 778">
     <span class='ocr_line' id='line_1_4' title="bbox 18 695 1296 778; baseline -0.004 -20"><span class='ocrx_word' id='word_1_26' title='bbox 18 741 19 744; x_wconf 63' lang='lat'><strong>,</strong></span> <span class='ocrx_word' id='word_1_27' title='bbox 125 708 306 777; x_wconf 78' lang='lat' dir='ltr'><strong>vastaretur,</strong></span> <span class='ocrx_word' id='word_1_28' title='bbox 337 708 366 758; x_wconf 93' lang='lat' dir='ltr'><strong>et</strong></span> <span class='ocrx_word' id='word_1_29' title='bbox 387 698 531 760; x_wconf 87' lang='lat' dir='ltr'><strong>beneficia</strong></span> <span class='ocrx_word' id='word_1_30' title='bbox 563 709 662 760; x_wconf 86' lang='lat' dir='ltr'><strong>vostra</strong></span> <span class='ocrx_word' id='word_1_31' title='bbox 688 717 781 778; x_wconf 89' lang='lat' dir='ltr'><strong>penes</strong></span> <span class='ocrx_word' id='word_1_32' title='bbox 810 706 962 776; x_wconf 89' lang='lat' dir='ltr'><strong>optumos,</strong></span> <span class='ocrx_word' id='word_1_33' title='bbox 991 714 1049 756; x_wconf 93' lang='lat' dir='ltr'><strong>non</strong></span> <span class='ocrx_word' id='word_1_34' title='bbox 1079 695 1296 756; x_wconf 79' lang='lat' dir='ltr'><strong>audacissumos</strong></span> 
     </span>
    </p>

    <p class='ocr_par' dir='ltr' id='par_1_5' title="bbox 75 805 1296 890">
     <span class='ocr_line' id='line_1_5' title="bbox 75 805 1296 890; baseline 0.001 -27"><span class='ocrx_word' id='word_1_35' title='bbox 75 809 234 870; x_wconf 83' lang='lat' dir='ltr'><strong>17lorent.</strong></span> <span class='ocrx_word' id='word_1_36' title='bbox 285 811 413 872; x_wconf 81' lang='lat' dir='ltr'><strong>Maiores</strong></span> <span class='ocrx_word' id='word_1_37' title='bbox 441 811 533 871; x_wconf 88' lang='lat' dir='ltr'><strong>vostri</strong></span> <span class='ocrx_word' id='word_1_38' title='bbox 568 809 688 890; x_wconf 87' lang='lat' dir='ltr'><strong>parandi</strong></span> <span class='ocrx_word' id='word_1_39' title='bbox 717 810 786 869; x_wconf 86' lang='lat' dir='ltr'><strong>iuris</strong></span> <span class='ocrx_word' id='word_1_40' title='bbox 825 817 854 868; x_wconf 90' lang='lat' dir='ltr'><strong>et</strong></span> <span class='ocrx_word' id='word_1_41' title='bbox 888 807 1046 866; x_wconf 88' lang='lat' dir='ltr'><strong>maiestatis</strong></span> <span class='ocrx_word' id='word_1_42' title='bbox 1079 805 1296 866; x_wconf 88' lang='lat' dir='ltr'><strong>constituendae</strong></span> 
     </span>
    </p>

    <p class='ocr_par' dir='ltr' id='par_1_6' title="bbox 18 919 1296 1000">
     <span class='ocr_line' id='line_1_6' title="bbox 18 919 1296 1000; baseline 0.002 -26"><span class='ocrx_word' id='word_1_43' title='bbox 18 967 19 974; x_wconf 72' lang='grc'>,</span> <span class='ocrx_word' id='word_1_44' title='bbox 104 919 218 996; x_wconf 73' lang='lat' dir='ltr'><strong>gratia</strong></span> <span class='ocrx_word' id='word_1_45' title='bbox 242 919 288 979; x_wconf 88' lang='lat' dir='ltr'><strong>bis</strong></span> <span class='ocrx_word' id='word_1_46' title='bbox 309 941 364 1000; x_wconf 93' lang='lat' dir='ltr'><strong>per</strong></span> <span class='ocrx_word' id='word_1_47' title='bbox 387 922 588 981; x_wconf 88' lang='lat' dir='ltr'><strong>secessionem</strong></span> <span class='ocrx_word' id='word_1_48' title='bbox 610 922 710 980; x_wconf 90' lang='lat' dir='ltr'><strong>armati</strong></span> <span class='ocrx_word' id='word_1_49' title='bbox 733 919 907 980; x_wconf 78' lang='lat' dir='ltr'><strong>Aventinum</strong></span> <span class='ocrx_word' id='word_1_50' title='bbox 931 934 1134 998; x_wconf 90' lang='lat' dir='ltr'><strong>occupavere,</strong></span> <span class='ocrx_word' id='word_1_51' title='bbox 1163 933 1218 976; x_wconf 88' lang='lat' dir='ltr'><strong>vos</strong></span> <span class='ocrx_word' id='word_1_52' title='bbox 1242 932 1296 994; x_wconf 92' lang='lat' dir='ltr'><strong>pro</strong></span> 
     </span>
    </p>

    <p class='ocr_par' dir='ltr' id='par_1_7' title="bbox 122 1023 1296 1110">
     <span class='ocr_line' id='line_1_7' title="bbox 122 1023 1296 1110; baseline -0.003 -23"><span class='ocrx_word' id='word_1_53' title='bbox 122 1028 276 1108; x_wconf 87' lang='lat' dir='ltr'><strong>libertate,</strong></span> <span class='ocrx_word' id='word_1_54' title='bbox 309 1049 391 1110; x_wconf 88' lang='lat' dir='ltr'><strong>quam</strong></span> <span class='ocrx_word' id='word_1_55' title='bbox 419 1031 538 1091; x_wconf 89' lang='lat' dir='ltr'><strong>abillis</strong></span> <span class='ocrx_word' id='word_1_56' title='bbox 568 1031 742 1110; x_wconf 76' lang='lat' dir='ltr'><strong>accepistis,</strong></span> <span class='ocrx_word' id='word_1_57' title='bbox 773 1047 831 1089; x_wconf 93' lang='lat' dir='ltr'><strong>non</strong></span> <span class='ocrx_word' id='word_1_58' title='bbox 858 1047 964 1088; x_wconf 90' lang='lat' dir='ltr'><strong>summa</strong></span> <span class='ocrx_word' id='word_1_59' title='bbox 990 1047 1047 1108; x_wconf 90' lang='lat' dir='ltr'><strong>ope</strong></span> <span class='ocrx_word' id='word_1_60' title='bbox 1071 1023 1220 1086; x_wconf 79' lang='lat' dir='ltr'><strong>nitemini?</strong></span> <span class='ocrx_word' id='word_1_61' title='bbox 1255 1033 1296 1086; x_wconf 90' lang='lat' dir='ltr'><strong>at·</strong></span> 
     </span>
    </p>

    <p class='ocr_par' dir='ltr' id='par_1_8' title="bbox 124 1139 1296 1220">
     <span class='ocr_line' id='line_1_8' title="bbox 124 1139 1296 1220; baseline -0.003 -22"><span class='ocrx_word' id='word_1_62' title='bbox 124 1157 182 1216; x_wconf 89' lang='lat' dir='ltr'><strong>que</strong></span> <span class='ocrx_word' id='word_1_63' title='bbox 206 1157 243 1200; x_wconf 93' lang='lat' dir='ltr'><strong>eo</strong></span> <span class='ocrx_word' id='word_1_64' title='bbox 267 1140 482 1218; x_wconf 88' lang='lat' dir='ltr'><strong>vehementius,</strong></span> <span class='ocrx_word' id='word_1_65' title='bbox 515 1159 573 1220; x_wconf 89' lang='lat' dir='ltr'><strong>quo</strong></span> <span class='ocrx_word' id='word_1_66' title='bbox 594 1139 684 1200; x_wconf 88' lang='lat' dir='ltr'><strong>maius</strong></span> <span class='ocrx_word' id='word_1_67' title='bbox 708 1139 837 1199; x_wconf 87' lang='lat' dir='ltr'><strong>dedecus</strong></span> <span class='ocrx_word' id='word_1_68' title='bbox 862 1150 907 1200; x_wconf 91' lang='lat' dir='ltr'><strong>est</strong></span> <span class='ocrx_word' id='word_1_69' title='bbox 931 1149 1013 1218; x_wconf 90' lang='lat' dir='ltr'><strong>parta</strong></span> <span class='ocrx_word' id='word_1_70' title='bbox 1036 1139 1182 1213; x_wconf 88' lang='lat' dir='ltr'><strong>amittere,</strong></span> <span class='ocrx_word' id='word_1_71' title='bbox 1211 1153 1296 1214; x_wconf 86' lang='lat' dir='ltr'><strong>quam</strong></span> 
     </span>
    </p>

    <p class='ocr_par' dir='ltr' id='par_1_9' title="bbox 78 1245 1297 1330">
     <span class='ocr_line' id='line_1_9' title="bbox 78 1245 1297 1330; baseline 0 -26"><span class='ocrx_word' id='word_1_72' title='bbox 78 1255 114 1305; x_wconf 83' lang='lat'><strong>18</strong></span> <span class='ocrx_word' id='word_1_73' title='bbox 126 1251 244 1310; x_wconf 90' lang='lat' dir='ltr'><strong>omnino</strong></span> <span class='ocrx_word' id='word_1_74' title='bbox 267 1268 325 1311; x_wconf 89' lang='lat' dir='ltr'><strong>non</strong></span> <span class='ocrx_word' id='word_1_75' title='bbox 348 1253 510 1330; x_wconf 86' lang='lat' dir='ltr'><strong>paravisse.</strong></span> <span class='ocrx_word' id='word_1_76' title='bbox 553 1251 640 1311; x_wconf 88' lang='lat' dir='ltr'><strong>Dicet</strong></span> <span class='ocrx_word' id='word_1_77' title='bbox 661 1250 784 1328; x_wconf 90' lang='lat' dir='ltr'><strong>aliquis:</strong></span> <span class='ocrx_word' id='word_1_78' title='bbox 818 1250 892 1325; x_wconf 82' lang='lat' dir='ltr'><strong>Quid</strong></span> <span class='ocrx_word' id='word_1_79' title='bbox 914 1250 1002 1326; x_wconf 76' lang='lat' dir='ltr'><strong>igitur</strong></span> <span class='ocrx_word' id='word_1_80' title='bbox 1028 1245 1154 1309; x_wconf 78' lang='lat' dir='ltr'><strong>censes?</strong></span> <span class='ocrx_word' id='word_1_81' title='bbox 1198 1245 1297 1307; x_wconf 91' lang='lat' dir='ltr'><strong>Vindi-</strong></span> 
     </span>
    </p>

    <p class='ocr_par' dir='ltr' id='par_1_10' title="bbox 126 1358 1296 1440">
     <span class='ocr_line' id='line_1_10' title="bbox 126 1358 1296 1440; baseline -0.002 -22"><span class='ocrx_word' id='word_1_82' title='bbox 126 1360 249 1420; x_wconf 87' lang='lat' dir='ltr'><strong>candum</strong></span> <span class='ocrx_word' id='word_1_83' title='bbox 271 1363 298 1420; x_wconf 90' lang='lat' dir='ltr'><strong>in</strong></span> <span class='ocrx_word' id='word_1_84' title='bbox 321 1379 390 1440; x_wconf 90' lang='lat' dir='ltr'><strong>eos,</strong></span> <span class='ocrx_word' id='word_1_85' title='bbox 420 1363 469 1440; x_wconf 90' lang='lat' dir='ltr'><strong>qui</strong></span> <span class='ocrx_word' id='word_1_86' title='bbox 497 1361 572 1422; x_wconf 90' lang='lat' dir='ltr'><strong>hosti</strong></span> <span class='ocrx_word' id='word_1_87' title='bbox 596 1360 754 1440; x_wconf 87' lang='lat' dir='ltr'><strong>prodidere</strong></span> <span class='ocrx_word' id='word_1_88' title='bbox 777 1358 1006 1439; x_wconf 83' lang='lat' dir='ltr'><strong>rempublicam?</strong></span> <span class='ocrx_word' id='word_1_89' title='bbox 1049 1359 1116 1419; x_wconf 86' lang='lat' dir='ltr'><strong>Non</strong></span> <span class='ocrx_word' id='word_1_90' title='bbox 1140 1376 1225 1418; x_wconf 89' lang='lat' dir='ltr'><strong>manu</strong></span> <span class='ocrx_word' id='word_1_91' title='bbox 1247 1374 1296 1417; x_wconf 90' lang='lat' dir='ltr'><strong>ne·</strong></span> 
     </span>
    </p>

    <p class='ocr_par' dir='ltr' id='par_1_11' title="bbox 126 1469 1297 1550">
     <span class='ocr_line' id='line_1_11' title="bbox 126 1469 1297 1550; baseline -0.001 -22"><span class='ocrx_word' id='word_1_92' title='bbox 126 1487 183 1546; x_wconf 89' lang='lat' dir='ltr'><strong>que</strong></span> <span class='ocrx_word' id='word_1_93' title='bbox 208 1471 255 1547; x_wconf 90' lang='lat' dir='ltr'><strong>vi,</strong></span> <span class='ocrx_word' id='word_1_94' title='bbox 286 1471 364 1548; x_wconf 90' lang='lat' dir='ltr'><strong>quod</strong></span> <span class='ocrx_word' id='word_1_95' title='bbox 386 1474 479 1550; x_wconf 79' lang='lat' dir='ltr'><strong>magis</strong></span> <span class='ocrx_word' id='word_1_96' title='bbox 501 1490 556 1532; x_wconf 89' lang='lat' dir='ltr'><strong>vos</strong></span> <span class='ocrx_word' id='word_1_97' title='bbox 583 1471 692 1532; x_wconf 90' lang='lat' dir='ltr'><strong>fecisse</strong></span> <span class='ocrx_word' id='word_1_98' title='bbox 720 1488 804 1548; x_wconf 89' lang='lat' dir='ltr'><strong>quam</strong></span> <span class='ocrx_word' id='word_1_99' title='bbox 827 1471 884 1531; x_wconf 88' lang='lat' dir='ltr'><strong>illis</strong></span> <span class='ocrx_word' id='word_1_100' title='bbox 906 1471 1049 1533; x_wconf 90' lang='lat' dir='ltr'><strong>accidisse</strong></span> <span class='ocrx_word' id='word_1_101' title='bbox 1074 1469 1218 1547; x_wconf 78' lang='lat' dir='ltr'><strong>indignum</strong></span> <span class='ocrx_word' id='word_1_102' title='bbox 1242 1476 1297 1544; x_wconf 89' lang='lat' dir='ltr'><strong>est,</strong></span> 
     </span>
    </p>

    <p class='ocr_par' dir='ltr' id='par_1_12' title="bbox 82 1580 1298 1662">
     <span class='ocr_line' id='line_1_12' title="bbox 82 1580 1298 1662; baseline 0.002 -26"><span class='ocrx_word' id='word_1_103' title='bbox 82 1587 118 1638; x_wconf 81' lang='lat'><strong>19</strong></span> <span class='ocrx_word' id='word_1_104' title='bbox 129 1597 231 1639; x_wconf 88' lang='lat' dir='ltr'><strong>verum</strong></span> <span class='ocrx_word' id='word_1_105' title='bbox 260 1581 478 1658; x_wconf 87' lang='lat' dir='ltr'><strong>quaestionibus</strong></span> <span class='ocrx_word' id='word_1_106' title='bbox 507 1593 536 1642; x_wconf 90' lang='lat' dir='ltr'><strong>et</strong></span> <span class='ocrx_word' id='word_1_107' title='bbox 565 1583 672 1643; x_wconf 91' lang='lat' dir='ltr'><strong>indicio</strong></span> <span class='ocrx_word' id='word_1_108' title='bbox 698 1581 790 1659; x_wconf 89' lang='lat' dir='ltr'><strong>ipsius</strong></span> <span class='ocrx_word' id='word_1_109' title='bbox 812 1581 985 1658; x_wconf 83' lang='lat' dir='ltr'><strong>Iugurthae;</strong></span> <span class='ocrx_word' id='word_1_110' title='bbox 1014 1583 1063 1662; x_wconf 90' lang='lat' dir='ltr'><strong>qui</strong></span> <span class='ocrx_word' id='word_1_111' title='bbox 1093 1583 1117 1641; x_wconf 93' lang='lat' dir='ltr'><strong>si</strong></span> <span class='ocrx_word' id='word_1_112' title='bbox 1147 1580 1298 1641; x_wconf 89' lang='lat' dir='ltr'><strong>dediticius</strong></span> 
     </span>
    </p>

    <p class='ocr_par' dir='ltr' id='par_1_13' title="bbox 37 1689 1297 1777">
     <span class='ocr_line' id='line_1_13' title="bbox 37 1689 1297 1777; baseline 0.002 -30"><span class='ocrx_word' id='word_1_113' title='bbox 37 1701 40 1706; x_wconf 87' lang='grc'><strong><em>·</em></strong></span> <span class='ocrx_word' id='word_1_114' title='bbox 121 1697 187 1777; x_wconf 86' lang='lat' dir='ltr'><strong>est,</strong></span> <span class='ocrx_word' id='word_1_115' title='bbox 211 1689 348 1770; x_wconf 81' lang='lat' dir='ltr'><strong>profecto</strong></span> <span class='ocrx_word' id='word_1_116' title='bbox 372 1694 458 1753; x_wconf 85' lang='lat' dir='ltr'><strong>iussis</strong></span> <span class='ocrx_word' id='word_1_117' title='bbox 482 1695 588 1754; x_wconf 88' lang='lat' dir='ltr'><strong>vostris</strong></span> <span class='ocrx_word' id='word_1_118' title='bbox 607 1692 750 1753; x_wconf 89' lang='lat' dir='ltr'><strong>obediens</strong></span> <span class='ocrx_word' id='word_1_119' title='bbox 773 1693 844 1762; x_wconf 91' lang='lat' dir='ltr'><strong>erit;</strong></span> <span class='ocrx_word' id='word_1_120' title='bbox 869 1693 912 1750; x_wconf 89' lang='lat' dir='ltr'><strong>sin</strong></span> <span class='ocrx_word' id='word_1_121' title='bbox 936 1710 970 1751; x_wconf 89' lang='lat' dir='ltr'><strong>ea</strong></span> <span class='ocrx_word' id='word_1_122' title='bbox 989 1695 1160 1769; x_wconf 89' lang='lat' dir='ltr'><strong>contemnit,</strong></span> <span class='ocrx_word' id='word_1_123' title='bbox 1182 1691 1297 1752; x_wconf 89' lang='lat' dir='ltr'><strong>scilicet</strong></span> 
     </span>
    </p>

    <p class='ocr_par' dir='ltr' id='par_1_14' title="bbox 127 1795 1297 1884">
     <span class='ocr_line' id='line_1_14' title="bbox 127 1795 1297 1884; baseline 0.003 -27"><span class='ocrx_word' id='word_1_124' title='bbox 127 1795 350 1880; x_wconf 69' lang='lat' dir='ltr'><strong>existumab&#39;itis,</strong></span> <span class='ocrx_word' id='word_1_125' title='bbox 379 1803 472 1882; x_wconf 88' lang='lat' dir='ltr'><strong>qualis</strong></span> <span class='ocrx_word' id='word_1_126' title='bbox 499 1804 547 1865; x_wconf 92' lang='lat' dir='ltr'><strong>illa</strong></span> <span class='ocrx_word' id='word_1_127' title='bbox 572 1823 629 1884; x_wconf 83' lang='lat' dir='ltr'><strong>pan</strong></span> <span class='ocrx_word' id='word_1_128' title='bbox 658 1812 705 1863; x_wconf 88' lang='lat' dir='ltr'><strong>aut</strong></span> <span class='ocrx_word' id='word_1_129' title='bbox 728 1801 834 1862; x_wconf 89' lang='lat' dir='ltr'><strong>deditio</strong></span> <span class='ocrx_word' id='word_1_130' title='bbox 857 1802 906 1878; x_wconf 88' lang='lat' dir='ltr'><strong>sit,</strong></span> <span class='ocrx_word' id='word_1_131' title='bbox 936 1821 974 1862; x_wconf 88' lang='lat' dir='ltr'><strong>ex</strong></span> <span class='ocrx_word' id='word_1_132' title='bbox 995 1821 1050 1882; x_wconf 91' lang='lat' dir='ltr'><strong>qua</strong></span> <span class='ocrx_word' id='word_1_133' title='bbox 1072 1803 1108 1863; x_wconf 92' lang='lat' dir='ltr'><strong>ad</strong></span> <span class='ocrx_word' id='word_1_134' title='bbox 1131 1801 1297 1880; x_wconf 83' lang='lat' dir='ltr'><strong>lugurtbam</strong></span> 
     </span>
    </p>

    <p class='ocr_par' dir='ltr' id='par_1_15' title="bbox 127 1910 1296 1994">
     <span class='ocr_line' id='line_1_15' title="bbox 127 1910 1296 1994; baseline 0.004 -27"><span class='ocrx_word' id='word_1_135' title='bbox 127 1910 272 1972; x_wconf 90' lang='lat' dir='ltr'><strong>scelerum</strong></span> <span class='ocrx_word' id='word_1_136' title='bbox 297 1915 465 1993; x_wconf 86' lang='lat' dir='ltr'><strong>impunitas,</strong></span> <span class='ocrx_word' id='word_1_137' title='bbox 492 1916 528 1975; x_wconf 92' lang='lat' dir='ltr'><strong>ad</strong></span> <span class='ocrx_word' id='word_1_138' title='bbox 552 1932 664 1994; x_wconf 89' lang='lat' dir='ltr'><strong>paucos</strong></span> <span class='ocrx_word' id='word_1_139' title='bbox 685 1915 813 1993; x_wconf 90' lang='lat' dir='ltr'><strong>potentis</strong></span> <span class='ocrx_word' id='word_1_140' title='bbox 836 1931 986 1972; x_wconf 86' lang='lat' dir='ltr'><strong>maxumae</strong></span> <span class='ocrx_word' id='word_1_141' title='bbox 1009 1913 1143 1990; x_wconf 87' lang='lat' dir='ltr'><strong>divitiae,</strong></span> <span class='ocrx_word' id='word_1_142' title='bbox 1174 1913 1202 1972; x_wconf 88' lang='lat' dir='ltr'><strong>in</strong></span> <span class='ocrx_word' id='word_1_143' title='bbox 1223 1930 1296 1972; x_wconf 92' lang='lat' dir='ltr'><strong>rem·</strong></span> 
     </span>
    </p>

    <p class='ocr_par' dir='ltr' id='par_1_16' title="bbox 81 2018 1328 2212">
     <span class='ocr_line' id='line_1_16' title="bbox 81 2018 1297 2104; baseline 0.002 -27"><span class='ocrx_word' id='word_1_144' title='bbox 81 2028 118 2078; x_wconf 86' lang='lat'><strong>20</strong></span> <span class='ocrx_word' id='word_1_145' title='bbox 131 2018 275 2097; x_wconf 88' lang='lat' dir='ltr'><strong>publicam</strong></span> <span class='ocrx_word' id='word_1_146' title='bbox 289 2023 389 2084; x_wconf 90' lang='lat' dir='ltr'><strong>damna</strong></span> <span class='ocrx_word' id='word_1_147' title='bbox 406 2034 493 2104; x_wconf 88' lang='lat' dir='ltr'><strong>atque</strong></span> <span class='ocrx_word' id='word_1_148' title='bbox 513 2025 659 2086; x_wconf 92' lang='lat' dir='ltr'><strong>dedecora</strong></span> <span class='ocrx_word' id='word_1_149' title='bbox 678 2023 881 2103; x_wconf 89' lang='lat' dir='ltr'><strong>pervenerint;</strong></span> <span class='ocrx_word' id='word_1_150' title='bbox 904 2024 958 2082; x_wconf 91' lang='lat' dir='ltr'><strong>nisi</strong></span> <span class='ocrx_word' id='word_1_151' title='bbox 975 2023 1051 2083; x_wconf 85' lang='lat' dir='ltr'><strong>forte</strong></span> <span class='ocrx_word' id='word_1_152' title='bbox 1070 2022 1196 2084; x_wconf 90' lang='lat' dir='ltr'><strong>nondum</strong></span> <span class='ocrx_word' id='word_1_153' title='bbox 1212 2022 1297 2082; x_wconf 89' lang='lat' dir='ltr'><strong>etiam</strong></span> 
     </span>
     <span class='ocr_line' id='line_1_17' title="bbox 128 2131 1328 2212; baseline 0.003 -24"><span class='ocrx_word' id='word_1_154' title='bbox 128 2147 183 2189; x_wconf 86' lang='lat' dir='ltr'><strong>vos</strong></span> <span class='ocrx_word' id='word_1_155' title='bbox 205 2131 407 2196; x_wconf 88' lang='lat' dir='ltr'><strong>dominationis</strong></span> <span class='ocrx_word' id='word_1_156' title='bbox 430 2153 530 2196; x_wconf 90' lang='lat' dir='ltr'><strong>eorum</strong></span> <span class='ocrx_word' id='word_1_157' title='bbox 560 2137 677 2196; x_wconf 89' lang='lat' dir='ltr'><strong>satietas</strong></span> <span class='ocrx_word' id='word_1_158' title='bbox 699 2143 799 2210; x_wconf 91' lang='lat' dir='ltr'><strong>tenet,</strong></span> <span class='ocrx_word' id='word_1_159' title='bbox 830 2142 859 2192; x_wconf 87' lang='lat' dir='ltr'><strong>et</strong></span> <span class='ocrx_word' id='word_1_160' title='bbox 887 2133 936 2194; x_wconf 89' lang='lat' dir='ltr'><strong>illa</strong></span> <span class='ocrx_word' id='word_1_161' title='bbox 960 2151 1043 2212; x_wconf 90' lang='lat' dir='ltr'><strong>quarn</strong></span> <span class='ocrx_word' id='word_1_162' title='bbox 1066 2134 1141 2195; x_wconf 89' lang='lat' dir='ltr'><strong>baec</strong></span> <span class='ocrx_word' id='word_1_163' title='bbox 1164 2141 1297 2210; x_wconf 90' lang='lat' dir='ltr'><strong>tempora</strong></span> <span class='ocrx_word' id='word_1_164' title='bbox 1322 2179 1328 2190; x_wconf 93' lang='lat'>.</span> 
     </span>
    </p>

    <p class='ocr_par' dir='ltr' id='par_1_17' title="bbox 128 2242 1297 2326">
     <span class='ocr_line' id='line_1_18' title="bbox 128 2242 1297 2326; baseline 0.005 -28"><span class='ocrx_word' id='word_1_165' title='bbox 128 2242 220 2318; x_wconf 84' lang='lat' dir='ltr'><strong>magis</strong></span> <span class='ocrx_word' id='word_1_166' title='bbox 238 2243 370 2324; x_wconf 86' lang='lat' dir='ltr'><strong>placent,</strong></span> <span class='ocrx_word' id='word_1_167' title='bbox 394 2265 479 2326; x_wconf 90' lang='lat' dir='ltr'><strong>quum</strong></span> <span class='ocrx_word' id='word_1_168' title='bbox 503 2265 613 2325; x_wconf 79' lang='lat' dir='ltr'><strong>regna,</strong></span> <span class='ocrx_word' id='word_1_169' title='bbox 638 2246 821 2326; x_wconf 89' lang='lat' dir='ltr'><strong>provinciae,</strong></span> <span class='ocrx_word' id='word_1_170' title='bbox 846 2244 947 2323; x_wconf 82' lang='lat' dir='ltr'><strong>leges,</strong></span> <span class='ocrx_word' id='word_1_171' title='bbox 976 2245 1053 2323; x_wconf 90' lang='lat' dir='ltr'><strong>iura,</strong></span> <span class='ocrx_word' id='word_1_172' title='bbox 1074 2244 1196 2322; x_wconf 89' lang='lat' dir='ltr'><strong>iudicia,</strong></span> <span class='ocrx_word' id='word_1_173' title='bbox 1219 2243 1297 2304; x_wconf 90' lang='lat' dir='ltr'><strong>bella</strong></span> 
     </span>
    </p>

    <p class='ocr_par' dir='ltr' id='par_1_18' title="bbox 127 2354 1298 2436">
     <span class='ocr_line' id='line_1_19' title="bbox 127 2354 1298 2436; baseline 0.003 -28"><span class='ocrx_word' id='word_1_174' title='bbox 127 2359 213 2429; x_wconf 88' lang='lat' dir='ltr'><strong>atque</strong></span> <span class='ocrx_word' id='word_1_175' title='bbox 238 2372 341 2433; x_wconf 87' lang='lat' dir='ltr'><strong>paces,</strong></span> <span class='ocrx_word' id='word_1_176' title='bbox 365 2366 514 2435; x_wconf 90' lang='lat' dir='ltr'><strong>postremo</strong></span> <span class='ocrx_word' id='word_1_177' title='bbox 537 2358 632 2418; x_wconf 92' lang='lat' dir='ltr'><strong>divina</strong></span> <span class='ocrx_word' id='word_1_178' title='bbox 656 2366 685 2416; x_wconf 89' lang='lat' dir='ltr'><strong>et</strong></span> <span class='ocrx_word' id='word_1_179' title='bbox 703 2356 824 2417; x_wconf 90' lang='lat' dir='ltr'><strong>bumana</strong></span> <span class='ocrx_word' id='word_1_180' title='bbox 848 2354 941 2415; x_wconf 89' lang='lat' dir='ltr'><strong>omnia</strong></span> <span class='ocrx_word' id='word_1_181' title='bbox 963 2374 1054 2434; x_wconf 89' lang='lat' dir='ltr'><strong>penes</strong></span> <span class='ocrx_word' id='word_1_182' title='bbox 1074 2374 1186 2436; x_wconf 92' lang='lat' dir='ltr'><strong>paucos</strong></span> <span class='ocrx_word' id='word_1_183' title='bbox 1206 2363 1298 2431; x_wconf 88' lang='lat' dir='ltr'><strong>erant,</strong></span> 
     </span>
    </p>

    <p class='ocr_par' dir='ltr' id='par_1_19' title="bbox 129 2465 1297 2549">
     <span class='ocr_line' id='line_1_20' title="bbox 129 2465 1297 2549; baseline 0.004 -31"><span class='ocrx_word' id='word_1_184' title='bbox 129 2473 315 2544; x_wconf 89' lang='lat' dir='ltr'><strong>vosautem,</strong></span> <span class='ocrx_word' id='word_1_185' title='bbox 339 2465 396 2527; x_wconf 92' lang='lat' dir='ltr'><strong>hoc</strong></span> <span class='ocrx_word' id='word_1_186' title='bbox 420 2478 464 2528; x_wconf 93' lang='lat' dir='ltr'><strong>est</strong></span> <span class='ocrx_word' id='word_1_187' title='bbox 487 2468 614 2549; x_wconf 89' lang='lat' dir='ltr'><strong>populus</strong></span> <span class='ocrx_word' id='word_1_188' title='bbox 635 2467 798 2544; x_wconf 86' lang='lat' dir='ltr'><strong>Romanus,</strong></span> <span class='ocrx_word' id='word_1_189' title='bbox 821 2468 919 2527; x_wconf 91' lang='lat' dir='ltr'><strong>invicti</strong></span> <span class='ocrx_word' id='word_1_190' title='bbox 940 2466 977 2526; x_wconf 92' lang='lat' dir='ltr'><strong>ab</strong></span> <span class='ocrx_word' id='word_1_191' title='bbox 1000 2467 1149 2544; x_wconf 80' lang='lat' dir='ltr'><strong>hostibus,</strong></span> <span class='ocrx_word' id='word_1_192' title='bbox 1174 2466 1297 2544; x_wconf 91' lang='lat' dir='ltr'><strong>impera·</strong></span> 
     </span>
    </p>
   </div>
   <div class='ocr_carea' id='block_1_3' title="bbox 126 2647 1298 2800">
    <p class='ocr_par' dir='ltr' id='par_1_20' title="bbox 126 2647 1298 2800">
     <span class='ocr_line' id='line_1_21' title="bbox 128 2647 1298 2724; baseline 0.005 -31"><span class='ocrx_word' id='word_1_193' title='bbox 128 2647 256 2712; x_wconf 86' lang='lat' dir='ltr'><strong>secessio,</strong></span> <span class='ocrx_word' id='word_1_194' title='bbox 275 2651 375 2716; x_wconf 84' lang='lat' dir='ltr'><strong>deque</strong></span> <span class='ocrx_word' id='word_1_195' title='bbox 393 2669 420 2704; x_wconf 82' lang='lat' dir='ltr'><strong>v.</strong></span> <span class='ocrx_word' id='word_1_196' title='bbox 435 2655 509 2706; x_wconf 87' lang='lat' dir='ltr'><strong>Hist.</strong></span> <span class='ocrx_word' id='word_1_197' title='bbox 527 2655 574 2704; x_wconf 80' lang='lat' dir='ltr'><strong>Fr.</strong></span> <span class='ocrx_word' id='word_1_198' title='bbox 593 2654 615 2717; x_wconf 95' lang='lat' dir='ltr'><strong>I,</strong></span> <span class='ocrx_word' id='word_1_199' title='bbox 639 2655 690 2724; x_wconf 62' lang='lat' dir='ltr'><strong>ll,</strong></span> <span class='ocrx_word' id='word_1_200' title='bbox 732 2654 816 2704; x_wconf 86' lang='lat' dir='ltr'><strong>fessio</strong></span> <span class='ocrx_word' id='word_1_201' title='bbox 834 2670 926 2705; x_wconf 86' lang='lat' dir='ltr'><strong>verum</strong></span> <span class='ocrx_word' id='word_1_202' title='bbox 945 2656 1064 2720; x_wconf 85' lang='lat' dir='ltr'><strong>aperiat,</strong></span> <span class='ocrx_word' id='word_1_203' title='bbox 1089 2660 1133 2718; x_wconf 90' lang='lat' dir='ltr'><strong>et,</strong></span> <span class='ocrx_word' id='word_1_204' title='bbox 1156 2669 1238 2719; x_wconf 83' lang='lat' dir='ltr'><strong>quam</strong></span> <span class='ocrx_word' id='word_1_205' title='bbox 1256 2651 1298 2700; x_wconf 91' lang='lat' dir='ltr'><strong>illi</strong></span> 
     </span>
     <span class='ocr_line' id='line_1_22' title="bbox 126 2723 1153 2800; baseline 0.01 -28"><span class='ocrx_word' id='word_1_206' title='bbox 126 2723 201 2774; x_wconf 86' lang='lat' dir='ltr'><strong>facta</strong></span> <span class='ocrx_word' id='word_1_207' title='bbox 223 2741 250 2776; x_wconf 88' lang='lat' dir='ltr'><strong>a.</strong></span> <span class='ocrx_word' id='word_1_208' title='bbox 268 2729 329 2780; x_wconf 87' lang='grc'>494.</span> <span class='ocrx_word' id='word_1_209' title='bbox 354 2746 379 2779; x_wconf 87' lang='lat' dir='ltr'><strong>a.</strong></span> <span class='ocrx_word' id='word_1_210' title='bbox 402 2731 464 2783; x_wconf 84' lang='lat' dir='ltr'><strong>Chr.</strong></span> <span class='ocrx_word' id='word_1_211' title='bbox 487 2747 530 2794; x_wconf 90' lang='lat' dir='ltr'><strong>n.,</strong></span> <span class='ocrx_word' id='word_1_212' title='bbox 557 2731 643 2781; x_wconf 85' lang='lat' dir='ltr'><strong>altera</strong></span> <span class='ocrx_word' id='word_1_213' title='bbox 663 2747 688 2780; x_wconf 84' lang='lat' dir='ltr'><strong>a.</strong></span> <span class='ocrx_word' id='word_1_214' title='bbox 732 2749 820 2798; x_wconf 87' lang='lat' dir='ltr'><strong>poena</strong></span> <span class='ocrx_word' id='word_1_215' title='bbox 838 2734 913 2800; x_wconf 83' lang='lat' dir='ltr'><strong>digni</strong></span> <span class='ocrx_word' id='word_1_216' title='bbox 933 2735 1000 2795; x_wconf 81' lang='lat' dir='ltr'><strong>sint,</strong></span> <span class='ocrx_word' id='word_1_217' title='bbox 1017 2734 1153 2784; x_wconf 83' lang='lat' dir='ltr'><strong>ostendat.</strong></span> 
     </span>
    </p>
   </div>
   <div class='ocr_carea' id='block_1_4' title="bbox 128 2801 1298 2970">
    <p class='ocr_par' dir='ltr' id='par_1_21' title="bbox 128 2801 1298 2970">
     <span class='ocr_line' id='line_1_23' title="bbox 128 2801 1298 2892; baseline 0.009 -30"><span class='ocrx_word' id='word_1_218' title='bbox 128 2801 195 2863; x_wconf 78' lang='lat'><strong>4493</strong></span> <span class='ocrx_word' id='word_1_219' title='bbox 210 2803 251 2855; x_wconf 84' lang='lat' dir='ltr'><strong>cf.</strong></span> <span class='ocrx_word' id='word_1_220' title='bbox 271 2805 332 2856; x_wconf 70' lang='lat' dir='ltr'><strong>LiV·</strong></span> <span class='ocrx_word' id='word_1_221' title='bbox 353 2806 405 2869; x_wconf 89' lang='lat'><strong>111,</strong></span> <span class='ocrx_word' id='word_1_222' title='bbox 424 2810 466 2872; x_wconf 89' lang='lat'><strong>51,</strong></span> <span class='ocrx_word' id='word_1_223' title='bbox 488 2808 520 2859; x_wconf 80' lang='lat'><strong>1⁰</strong></span> <span class='ocrx_word' id='word_1_224' title='bbox 538 2825 597 2874; x_wconf 63' lang='grc' dir='ltr'><strong>ΜΝ·</strong></span> <span class='ocrx_word' id='word_1_225' title='bbox 618 2815 645 2859; x_wconf 54' lang='grc' dir='ltr'><strong>θῖ</strong></span> <span class='ocrx_word' id='word_1_226' title='bbox 662 2825 689 2860; x_wconf 74' lang='lat' dir='ltr'><strong>V·</strong></span> <span class='ocrx_word' id='word_1_227' title='bbox 769 2826 810 2878; x_wconf 83' lang='lat'><strong>19.</strong></span> <span class='ocrx_word' id='word_1_228' title='bbox 828 2830 852 2878; x_wconf 79' lang='lat' dir='ltr'><strong>ai</strong></span> <span class='ocrx_word' id='word_1_229' title='bbox 869 2829 1001 2878; x_wconf 80' lang='lat' dir='ltr'><strong>dediticius</strong></span> <span class='ocrx_word' id='word_1_230' title='bbox 1018 2826 1066 2892; x_wconf 77' lang='lat' dir='ltr'><strong>eat]</strong></span> <span class='ocrx_word' id='word_1_231' title='bbox 1089 2829 1108 2878; x_wconf 90' lang='lat' dir='ltr'><strong>i.</strong></span> <span class='ocrx_word' id='word_1_232' title='bbox 1121 2841 1143 2878; x_wconf 88' lang='lat' dir='ltr'><strong>e.</strong></span> <span class='ocrx_word' id='word_1_233' title='bbox 1157 2827 1180 2875; x_wconf 93' lang='lat' dir='ltr'><strong>si</strong></span> <span class='ocrx_word' id='word_1_234' title='bbox 1193 2839 1298 2875; x_wconf 88' lang='lat' dir='ltr'><strong>revera</strong></span> 
     </span>
     <span class='ocr_line' id='line_1_24' title="bbox 128 2879 1214 2970; baseline 0.012 -32"><span class='ocrx_word' id='word_1_235' title='bbox 128 2881 164 2930; x_wconf 67' lang='grc' dir='ltr'><strong>8(Ῑ</strong></span> <span class='ocrx_word' id='word_1_236' title='bbox 183 2879 306 2944; x_wconf 62' lang='lat' dir='ltr'><strong>Cal-33,</strong></span> <span class='ocrx_word' id='word_1_237' title='bbox 327 2883 353 2934; x_wconf 86' lang='lat'><strong>3·</strong></span> <span class='ocrx_word' id='word_1_238' title='bbox 732 2902 772 2953; x_wconf 87' lang='lat' dir='ltr'><strong>ita</strong></span> <span class='ocrx_word' id='word_1_239' title='bbox 791 2920 820 2954; x_wconf 88' lang='lat' dir='ltr'><strong>se</strong></span> <span class='ocrx_word' id='word_1_240' title='bbox 839 2906 923 2970; x_wconf 86' lang='lat' dir='ltr'><strong>gerit,</strong></span> <span class='ocrx_word' id='word_1_241' title='bbox 942 2909 973 2954; x_wconf 82' lang='lat' dir='ltr'><strong>ut</strong></span> <span class='ocrx_word' id='word_1_242' title='bbox 991 2903 1110 2953; x_wconf 89' lang='lat' dir='ltr'><strong>deditum</strong></span> <span class='ocrx_word' id='word_1_243' title='bbox 1128 2903 1214 2952; x_wconf 88' lang='lat' dir='ltr'><strong>decet.</strong></span> 
     </span>
    </p>
   </div>
   <div class='ocr_carea' id='block_1_5' title="bbox 129 2973 1299 3140">
    <p class='ocr_par' dir='ltr' id='par_1_22' title="bbox 129 2973 1299 3140">
     <span class='ocr_line' id='line_1_25' title="bbox 163 2973 1299 3064; baseline 0.001 -42"><span class='ocrx_word' id='word_1_244' title='bbox 163 2981 239 3036; x_wconf 80' lang='lat' dir='ltr'><strong>atque</strong></span> <span class='ocrx_word' id='word_1_245' title='bbox 251 2989 280 3022; x_wconf 86' lang='lat' dir='ltr'><strong>eo</strong></span> <span class='ocrx_word' id='word_1_246' title='bbox 296 2973 469 3040; x_wconf 75' lang='lat' dir='ltr'><strong>vehementius]</strong></span> <span class='ocrx_word' id='word_1_247' title='bbox 501 2975 583 3040; x_wconf 83' lang='lat' dir='ltr'><strong>Atque</strong></span> <span class='ocrx_word' id='word_1_248' title='bbox 600 2975 629 3024; x_wconf 92' lang='lat' dir='ltr'><strong>in</strong></span> <span class='ocrx_word' id='word_1_249' title='bbox 649 2989 691 3023; x_wconf 90' lang='lat' dir='ltr'><strong>re·</strong></span> <span class='ocrx_word' id='word_1_250' title='bbox 769 2995 861 3064; x_wconf 58' lang='lat' dir='ltr'><strong><em>qualis]</em></strong></span> <span class='ocrx_word' id='word_1_251' title='bbox 880 2997 899 3048; x_wconf 38' lang='lat' dir='ltr'><strong>i,</strong></span> <span class='ocrx_word' id='word_1_252' title='bbox 919 3013 943 3048; x_wconf 44' lang='grc' dir='ltr'><strong>Θ.</strong></span> <span class='ocrx_word' id='word_1_253' title='bbox 963 3014 1035 3063; x_wconf 61' lang='lat' dir='ltr'><em>quam</em></span> <span class='ocrx_word' id='word_1_254' title='bbox 1047 2999 1148 3060; x_wconf 59' lang='lat' dir='ltr'><strong>perfida</strong></span> <span class='ocrx_word' id='word_1_255' title='bbox 1164 3006 1189 3047; x_wconf 64' lang='lat' dir='ltr'><strong>e,</strong></span> <span class='ocrx_word' id='word_1_256' title='bbox 1205 2999 1299 3061; x_wconf 53' lang='lat' dir='ltr'><strong>tami„</strong></span> 
     </span>
     <span class='ocr_line' id='line_1_26' title="bbox 129 3049 1298 3140; baseline -0.003 -14"><span class='ocrx_word' id='word_1_257' title='bbox 129 3049 288 3114; x_wconf 66' lang='lat' dir='ltr'><strong>⁸9⁰¹¹d⁰nd⁰</strong></span> <span class='ocrx_word' id='word_1_258' title='bbox 314 3067 373 3102; x_wconf 62' lang='lat' dir='ltr'><strong>eam</strong></span> <span class='ocrx_word' id='word_1_259' title='bbox 394 3055 450 3102; x_wconf 65' lang='lat' dir='ltr'><strong>Vim</strong></span> <span class='ocrx_word' id='word_1_260' title='bbox 467 3053 565 3115; x_wconf 61' lang='lat' dir='ltr'><strong>habet’</strong></span> <span class='ocrx_word' id='word_1_261' title='bbox 590 3057 621 3103; x_wconf 59' lang='lat' dir='ltr'><strong>nt</strong></span> <span class='ocrx_word' id='word_1_262' title='bbox 636 3068 690 3102; x_wconf 65' lang='lat'><strong>¹¹⁰³</strong></span> <span class='ocrx_word' id='word_1_263' title='bbox 734 3091 787 3140; x_wconf 88' lang='lat' dir='ltr'><strong>qua</strong></span> <span class='ocrx_word' id='word_1_264' title='bbox 805 3074 942 3125; x_wconf 84' lang='lat' dir='ltr'><strong>sententia</strong></span> <span class='ocrx_word' id='word_1_265' title='bbox 960 3075 1056 3134; x_wconf 81' lang='lat' dir='ltr'><strong>nititur</strong></span> <span class='ocrx_word' id='word_1_266' title='bbox 1073 3075 1161 3124; x_wconf 85' lang='lat' dir='ltr'><strong>ironia</strong></span> <span class='ocrx_word' id='word_1_267' title='bbox 1184 3090 1231 3138; x_wconf 93' lang='lat' dir='ltr'><strong>per</strong></span> <span class='ocrx_word' id='word_1_268' title='bbox 1248 3076 1298 3124; x_wconf 85' lang='lat' dir='ltr'><strong>sci-</strong></span> 
     </span>
    </p>
   </div>
   <div class='ocr_carea' id='block_1_6' title="bbox 131 3127 1282 3218">
    <p class='ocr_par' dir='ltr' id='par_1_23' title="bbox 131 3127 1282 3218">
     <span class='ocr_line' id='line_1_27' title="bbox 131 3127 1282 3218; baseline 0.02 -42"><span class='ocrx_word' id='word_1_269' title='bbox 131 3132 239 3176; x_wconf 86' lang='lat' dir='ltr'><strong>tantum</strong></span> <span class='ocrx_word' id='word_1_270' title='bbox 259 3127 301 3191; x_wconf 92' lang='lat' dir='ltr'><strong>id,</strong></span> <span class='ocrx_word' id='word_1_271' title='bbox 325 3130 398 3193; x_wconf 86' lang='lat' dir='ltr'><strong>quod</strong></span> <span class='ocrx_word' id='word_1_272' title='bbox 416 3130 615 3196; x_wconf 85' lang='lat' dir='ltr'><strong>interrogatum</strong></span> <span class='ocrx_word' id='word_1_273' title='bbox 640 3137 692 3194; x_wconf 85' lang='lat' dir='ltr'><strong>est,</strong></span> <span class='ocrx_word' id='word_1_274' title='bbox 734 3155 791 3203; x_wconf 56' lang='grc' dir='ltr'><strong>ΗΜ</strong></span> <span class='ocrx_word' id='word_1_275' title='bbox 809 3152 975 3218; x_wconf 48' lang='lat' dir='ltr'><strong>significat„</strong></span> <span class='ocrx_word' id='word_1_276' title='bbox 995 3167 1020 3202; x_wconf 53' lang='lat' dir='ltr'><strong>v,</strong></span> <span class='ocrx_word' id='word_1_277' title='bbox 1041 3152 1075 3201; x_wconf 69' lang='lat' dir='ltr'><strong>ad</strong></span> <span class='ocrx_word' id='word_1_278' title='bbox 1094 3152 1154 3202; x_wconf 71' lang='lat' dir='ltr'><strong>cat,</strong></span> <span class='ocrx_word' id='word_1_279' title='bbox 1171 3152 1220 3215; x_wconf 86' lang='lat'><strong>51,</strong></span> <span class='ocrx_word' id='word_1_280' title='bbox 1243 3151 1282 3205; x_wconf 82' lang='lat'><strong>10.</strong></span> 
     </span>
    </p>
   </div>
   <div class='ocr_carea' id='block_1_7' title="bbox 130 3204 1297 3362">
    <p class='ocr_par' dir='ltr' id='par_1_24' title="bbox 130 3204 1297 3362">
     <span class='ocr_line' id='line_1_28' title="bbox 131 3204 1286 3312; baseline -0.01 -58"><span class='ocrx_word' id='word_1_281' title='bbox 131 3204 405 3269; x_wconf 81' lang='lat' dir='ltr'><strong>taeiteconcedatur,</strong></span> <span class='ocrx_word' id='word_1_282' title='bbox 424 3208 567 3258; x_wconf 82' lang='lat' dir='ltr'><strong>sedetiam</strong></span> <span class='ocrx_word' id='word_1_283' title='bbox 581 3211 691 3276; x_wconf 80' lang='lat' dir='ltr'><strong>gravius</strong></span> <span class='ocrx_word' id='word_1_284' title='bbox 769 3245 803 3297; x_wconf 72' lang='lat'><strong>20</strong></span> <span class='ocrx_word' id='word_1_285' title='bbox 831 3248 881 3297; x_wconf 50' lang='lat' dir='ltr'><strong>nis,</strong></span> <span class='ocrx_word' id='word_1_286' title='bbox 897 3245 978 3312; x_wconf 55' lang='lat' dir='ltr'><em>forte]</em></span> <span class='ocrx_word' id='word_1_287' title='bbox 1002 3264 1020 3296; x_wconf 65' lang='lat' dir='ltr'>v</span> <span class='ocrx_word' id='word_1_288' title='bbox 1050 3247 1084 3297; x_wconf 63' lang='lat' dir='ltr'><strong>ad</strong></span> <span class='ocrx_word' id='word_1_289' title='bbox 1103 3248 1154 3297; x_wconf 58' lang='lat' dir='ltr'><strong>cat</strong></span> <span class='ocrx_word' id='word_1_290' title='bbox 1184 3248 1218 3298; x_wconf 68' lang='grc'><strong>20</strong></span> <span class='ocrx_word' id='word_1_291' title='bbox 1256 3247 1286 3296; x_wconf 68' lang='lat'><strong>17</strong></span> 
     </span>
     <span class='ocr_line' id='line_1_29' title="bbox 130 3281 1297 3362; baseline -0.011 -30"><span class='ocrx_word' id='word_1_292' title='bbox 130 3282 194 3348; x_wconf 90' lang='lat' dir='ltr'><strong>quid</strong></span> <span class='ocrx_word' id='word_1_293' title='bbox 222 3281 347 3333; x_wconf 86' lang='lat' dir='ltr'><strong>addatur.</strong></span> <span class='ocrx_word' id='word_1_294' title='bbox 393 3284 494 3336; x_wconf 81' lang='lat' dir='ltr'><strong>Sensus</strong></span> <span class='ocrx_word' id='word_1_295' title='bbox 510 3359 512 3362; x_wconf 21' lang='grc' dir='ltr'>Ι</span> <span class='ocrx_word' id='word_1_296' title='bbox 526 3287 609 3353; x_wconf 81' lang='lat' dir='ltr'><strong>igitur</strong></span> <span class='ocrx_word' id='word_1_297' title='bbox 638 3293 691 3338; x_wconf 81' lang='lat' dir='ltr'><strong>est:</strong></span> <span class='ocrx_word' id='word_1_298' title='bbox 804 3284 811 3298; x_wconf 86' lang='lat'>&#39;</span> <span class='ocrx_word' id='word_1_299' title='bbox 1022 3284 1029 3298; x_wconf 87' lang='lat'><strong><em>&#39;</em></strong></span> <span class='ocrx_word' id='word_1_300' title='bbox 1157 3284 1164 3298; x_wconf 88' lang='grc'><em>·</em></span> <span class='ocrx_word' id='word_1_301' title='bbox 1227 3287 1234 3312; x_wconf 75' lang='lat' dir='ltr'><strong>r</strong></span> <span class='ocrx_word' id='word_1_302' title='bbox 1290 3284 1297 3300; x_wconf 90' lang='lat'><strong>·</strong></span> 
     </span>
    </p>
   </div>
   <div class='ocr_carea' id='block_1_8' title="bbox 129 3340 1299 3493">
    <p class='ocr_par' dir='ltr' id='par_1_25' title="bbox 129 3340 1299 3493">
     <span class='ocr_line' id='line_1_30' title="bbox 129 3340 1298 3430; baseline -0.006 -29"><span class='ocrx_word' id='word_1_303' title='bbox 129 3379 191 3414; x_wconf 61' lang='lat' dir='ltr'><strong>wne</strong></span> <span class='ocrx_word' id='word_1_304' title='bbox 208 3365 331 3414; x_wconf 58' lang='lat' dir='ltr'><strong>nitendum</strong></span> <span class='ocrx_word' id='word_1_305' title='bbox 349 3371 396 3428; x_wconf 57' lang='lat' dir='ltr'><strong>m,</strong></span> <span class='ocrx_word' id='word_1_306' title='bbox 417 3371 442 3414; x_wconf 63' lang='lat' dir='ltr'><strong>et</strong></span> <span class='ocrx_word' id='word_1_307' title='bbox 458 3367 556 3430; x_wconf 63' lang='lat' dir='ltr'><strong><em>quidem</em></strong></span> <span class='ocrx_word' id='word_1_308' title='bbox 575 3383 605 3419; x_wconf 61' lang='grc' dir='ltr'><em>ω</em></span> <span class='ocrx_word' id='word_1_309' title='bbox 621 3369 693 3420; x_wconf 52' lang='lat' dir='ltr'><strong>vm„</strong></span> <span class='ocrx_word' id='word_1_310' title='bbox 729 3387 730 3390; x_wconf 64' lang='lat'><strong>,</strong></span> <span class='ocrx_word' id='word_1_311' title='bbox 768 3341 874 3390; x_wconf 83' lang='lat' dir='ltr'><strong>nondam</strong></span> <span class='ocrx_word' id='word_1_312' title='bbox 892 3340 973 3407; x_wconf 84' lang='lat' dir='ltr'><strong>etiam]</strong></span> <span class='ocrx_word' id='word_1_313' title='bbox 993 3342 1080 3392; x_wconf 81' lang='lat' dir='ltr'><strong>Etiam</strong></span> <span class='ocrx_word' id='word_1_314' title='bbox 1092 3343 1131 3392; x_wconf 86' lang='lat' dir='ltr'><strong>ita</strong></span> <span class='ocrx_word' id='word_1_315' title='bbox 1145 3347 1228 3409; x_wconf 86' lang='lat' dir='ltr'><strong>auget</strong></span> <span class='ocrx_word' id='word_1_316' title='bbox 1243 3344 1298 3394; x_wconf 85' lang='lat' dir='ltr'><strong>vim</strong></span> 
     </span>
     <span class='ocr_line' id='line_1_31' title="bbox 130 3419 1299 3493; baseline -0.009 -13"><span class='ocrx_word' id='word_1_317' title='bbox 130 3444 241 3493; x_wconf 59' lang='lat' dir='ltr'><strong>menum,</strong></span> <span class='ocrx_word' id='word_1_318' title='bbox 735 3421 840 3471; x_wconf 86' lang='lat' dir='ltr'><strong>nondum</strong></span> <span class='ocrx_word' id='word_1_319' title='bbox 853 3419 1012 3484; x_wconf 85' lang='lat' dir='ltr'><strong>particulae,</strong></span> <span class='ocrx_word' id='word_1_320' title='bbox 1026 3425 1057 3472; x_wconf 84' lang='lat' dir='ltr'><strong>ut</strong></span> <span class='ocrx_word' id='word_1_321' title='bbox 1065 3421 1229 3487; x_wconf 85' lang='lat' dir='ltr'><strong>respondeat</strong></span> <span class='ocrx_word' id='word_1_322' title='bbox 1241 3437 1299 3472; x_wconf 87' lang='lat' dir='ltr'><strong>ver-</strong></span> 
     </span>
    </p>
   </div>
   <div class='ocr_carea' id='block_1_9' title="bbox 162 3497 1298 3601">
    <p class='ocr_par' dir='ltr' id='par_1_26' title="bbox 162 3497 1298 3601">
     <span class='ocr_line' id='line_1_32' title="bbox 162 3497 1298 3601; baseline 0 -53"><span class='ocrx_word' id='word_1_323' title='bbox 162 3543 240 3597; x_wconf 64' lang='lat' dir='ltr'><strong>pma</strong></span> <span class='ocrx_word' id='word_1_324' title='bbox 259 3533 381 3600; x_wconf 54' lang='lat' dir='ltr'><strong><em>amiam]</em></strong></span> <span class='ocrx_word' id='word_1_325' title='bbox 408 3536 461 3586; x_wconf 62' lang='lat' dir='ltr'><strong>Res</strong></span> <span class='ocrx_word' id='word_1_326' title='bbox 481 3552 561 3601; x_wconf 72' lang='lat' dir='ltr'><strong>quum</strong></span> <span class='ocrx_word' id='word_1_327' title='bbox 579 3503 694 3589; x_wconf 47' lang='lat' dir='ltr'><em>Wan-</em></span> <span class='ocrx_word' id='word_1_328' title='bbox 734 3497 833 3548; x_wconf 89' lang='lat' dir='ltr'><strong>naeulo</strong></span> <span class='ocrx_word' id='word_1_329' title='bbox 842 3498 904 3548; x_wconf 85' lang='lat' dir='ltr'><strong>noeb</strong></span> <span class='ocrx_word' id='word_1_330' title='bbox 913 3501 996 3548; x_wconf 75' lang='lat' dir='ltr'><strong>immor</strong></span> <span class='ocrx_word' id='word_1_331' title='bbox 1007 3499 1081 3564; x_wconf 84' lang='lat' dir='ltr'><strong>nicbt,</strong></span> <span class='ocrx_word' id='word_1_332' title='bbox 1095 3515 1144 3563; x_wconf 89' lang='lat' dir='ltr'><strong>pro</strong></span> <span class='ocrx_word' id='word_1_333' title='bbox 1154 3515 1207 3565; x_wconf 90' lang='lat' dir='ltr'><strong>quo</strong></span> <span class='ocrx_word' id='word_1_334' title='bbox 1217 3499 1298 3548; x_wconf 89' lang='lat' dir='ltr'><strong>etiam</strong></span> 
     </span>
    </p>
   </div>
   <div class='ocr_carea' id='block_1_10' title="bbox 130 3575 1298 3755">
    <p class='ocr_par' dir='ltr' id='par_1_27' title="bbox 130 3575 1298 3755">
     <span class='ocr_line' id='line_1_33' title="bbox 130 3575 1298 3662; baseline -0.016 -17"><span class='ocrx_word' id='word_1_335' title='bbox 130 3620 171 3662; x_wconf 58' lang='lat' dir='ltr'><strong>tu,</strong></span> <span class='ocrx_word' id='word_1_336' title='bbox 188 3611 232 3662; x_wconf 74' lang='lat' dir='ltr'><strong>ve1</strong></span> <span class='ocrx_word' id='word_1_337' title='bbox 250 3627 284 3661; x_wconf 63' lang='lat' dir='ltr'><strong>ne</strong></span> <span class='ocrx_word' id='word_1_338' title='bbox 304 3611 322 3660; x_wconf 76' lang='lat'><strong>1·</strong></span> <span class='ocrx_word' id='word_1_339' title='bbox 379 3613 399 3661; x_wconf 59' lang='lat' dir='ltr'><strong>t·</strong></span> <span class='ocrx_word' id='word_1_340' title='bbox 469 3613 479 3662; x_wconf 68' lang='lat' dir='ltr'><strong>l</strong></span> <span class='ocrx_word' id='word_1_341' title='bbox 535 3636 539 3643; x_wconf 9' lang='lat' dir='ltr'><strong>p</strong></span> <span class='ocrx_word' id='word_1_342' title='bbox 736 3575 792 3626; x_wconf 86' lang='lat' dir='ltr'><strong>diei</strong></span> <span class='ocrx_word' id='word_1_343' title='bbox 808 3575 896 3640; x_wconf 84' lang='lat' dir='ltr'><strong>possit</strong></span> <span class='ocrx_word' id='word_1_344' title='bbox 913 3591 1025 3626; x_wconf 82' lang='lat' dir='ltr'><strong>neonae</strong></span> <span class='ocrx_word' id='word_1_345' title='bbox 1047 3578 1156 3642; x_wconf 82' lang='lat' dir='ltr'><strong>quidem:</strong></span> <span class='ocrx_word' id='word_1_346' title='bbox 1179 3577 1215 3627; x_wconf 84' lang='lat' dir='ltr'><strong>cf.</strong></span> <span class='ocrx_word' id='word_1_347' title='bbox 1234 3578 1298 3630; x_wconf 84' lang='lat' dir='ltr'><strong>Ter.</strong></span> 
     </span>
     <span class='ocr_line' id='line_1_34' title="bbox 286 3627 1291 3705; baseline -0.01 7"><span class='ocrx_word' id='word_1_348' title='bbox 286 3627 377 3701; x_wconf 66' lang='lat' dir='ltr'><strong>grpop</strong></span> <span class='ocrx_word' id='word_1_349' title='bbox 392 3628 469 3703; x_wconf 40' lang='lat' dir='ltr'><strong>lade</strong></span> <span class='ocrx_word' id='word_1_350' title='bbox 498 3630 578 3704; x_wconf 49' lang='grc' dir='ltr'><strong>Μ’</strong></span> <span class='ocrx_word' id='word_1_351' title='bbox 597 3631 692 3667; x_wconf 59' lang='lat' dir='ltr'><strong>sem</strong></span> <span class='ocrx_word' id='word_1_352' title='bbox 734 3651 843 3705; x_wconf 89' lang='lat' dir='ltr'><strong>Hee.V</strong></span> <span class='ocrx_word' id='word_1_353' title='bbox 874 3653 885 3702; x_wconf 97' lang='lat' dir='ltr'><strong>l</strong></span> <span class='ocrx_word' id='word_1_354' title='bbox 920 3654 959 3704; x_wconf 89' lang='grc'><strong>18.</strong></span> <span class='ocrx_word' id='word_1_355' title='bbox 977 3653 1090 3703; x_wconf 85' lang='lat' dir='ltr'><strong>Nondum</strong></span> <span class='ocrx_word' id='word_1_356' title='bbox 1105 3655 1179 3704; x_wconf 83' lang='lat' dir='ltr'><strong>etiam</strong></span> <span class='ocrx_word' id='word_1_357' title='bbox 1196 3653 1253 3704; x_wconf 77' lang='lat' dir='ltr'><strong>dici</strong></span> <span class='ocrx_word' id='word_1_358' title='bbox 1262 3654 1291 3702; x_wconf 84' lang='lat' dir='ltr'><strong>id</strong></span> 
     </span>
     <span class='ocr_line' id='line_1_35' title="bbox 130 3689 1298 3755; baseline -0.007 -17"><span class='ocrx_word' id='word_1_359' title='bbox 130 3694 186 3738; x_wconf 83' lang='lat' dir='ltr'><strong>est:</strong></span> <span class='ocrx_word' id='word_1_360' title='bbox 212 3697 291 3750; x_wconf 85' lang='lat' dir='ltr'><strong>porta</strong></span> <span class='ocrx_word' id='word_1_361' title='bbox 314 3689 362 3738; x_wconf 79' lang='lat' dir='ltr'><strong>saba</strong></span> <span class='ocrx_word' id='word_1_362' title='bbox 385 3703 451 3752; x_wconf 67' lang='lat' dir='ltr'><strong>eripe</strong></span> <span class='ocrx_word' id='word_1_363' title='bbox 468 3699 544 3755; x_wconf 59' lang='lat' dir='ltr'><strong>potu</strong></span> <span class='ocrx_word' id='word_1_364' title='bbox 573 3693 609 3744; x_wconf 85' lang='lat' dir='ltr'><strong>of.</strong></span> <span class='ocrx_word' id='word_1_365' title='bbox 629 3693 691 3744; x_wconf 78' lang='lat' dir='ltr'><strong>cat.</strong></span> <span class='ocrx_word' id='word_1_366' title='bbox 846 3690 852 3715; x_wconf 90' lang='lat'>&#39;</span> <span class='ocrx_word' id='word_1_367' title='bbox 891 3690 897 3716; x_wconf 94' lang='lat'><strong>’</strong></span> <span class='ocrx_word' id='word_1_368' title='bbox 1291 3690 1298 3714; x_wconf 78' lang='lat'><strong><em>⁹</em></strong></span> 
     </span>
    </p>
   </div>
   <div class='ocr_carea' id='block_1_11' title="bbox 132 3731 1301 4440">
    <p class='ocr_par' dir='ltr' id='par_1_28' title="bbox 132 3731 883 3818">
     <span class='ocr_line' id='line_1_36' title="bbox 132 3731 883 3818; baseline 0.001 -38"><span class='ocrx_word' id='word_1_369' title='bbox 132 3765 166 3818; x_wconf 82' lang='lat'><strong>33</strong></span> <span class='ocrx_word' id='word_1_370' title='bbox 197 3767 214 3814; x_wconf 80' lang='lat'>4</span> <span class='ocrx_word' id='word_1_371' title='bbox 536 3789 541 3800; x_wconf 89' lang='lat'>.</span> <span class='ocrx_word' id='word_1_372' title='bbox 734 3731 883 3796; x_wconf 81' lang='lat' dir='ltr'><strong>quodoolui.</strong></span> 
     </span>
    </p>

    <p class='ocr_par' dir='ltr' id='par_1_29' title="bbox 172 3802 1300 4041">
     <span class='ocr_line' id='line_1_37' title="bbox 172 3802 1300 3886; baseline 0.002 -16"><span class='ocrx_word' id='word_1_373' title='bbox 172 3804 178 3828; x_wconf 87' lang='lat'>&#39;</span> <span class='ocrx_word' id='word_1_374' title='bbox 217 3802 223 3817; x_wconf 61' lang='lat'>⁸</span> <span class='ocrx_word' id='word_1_375' title='bbox 769 3822 831 3872; x_wconf 85' lang='lat' dir='ltr'><strong>baec</strong></span> <span class='ocrx_word' id='word_1_376' title='bbox 848 3818 971 3886; x_wconf 83' lang='lat' dir='ltr'><strong>temporo]</strong></span> <span class='ocrx_word' id='word_1_377' title='bbox 991 3835 1029 3870; x_wconf 88' lang='lat' dir='ltr'><strong>sc.</strong></span> <span class='ocrx_word' id='word_1_378' title='bbox 1045 3820 1142 3886; x_wconf 86' lang='lat' dir='ltr'><strong>quibus</strong></span> <span class='ocrx_word' id='word_1_379' title='bbox 1159 3820 1300 3884; x_wconf 84' lang='lat' dir='ltr'><strong>vindicare</strong></span> 
     </span>
     <span class='ocr_line' id='line_1_38' title="bbox 735 3895 1300 3962; baseline -0.004 -14"><span class='ocrx_word' id='word_1_380' title='bbox 735 3913 878 3962; x_wconf 87' lang='lat' dir='ltr'><strong>possumus</strong></span> <span class='ocrx_word' id='word_1_381' title='bbox 898 3900 927 3949; x_wconf 91' lang='lat' dir='ltr'><strong>in</strong></span> <span class='ocrx_word' id='word_1_382' title='bbox 940 3897 1071 3949; x_wconf 84' lang='lat' dir='ltr'><strong>obnoxios</strong></span> <span class='ocrx_word' id='word_1_383' title='bbox 1083 3895 1234 3962; x_wconf 88' lang='lat' dir='ltr'><strong>proditores</strong></span> <span class='ocrx_word' id='word_1_384' title='bbox 1250 3897 1300 3946; x_wconf 88' lang='lat' dir='ltr'><strong>rei-</strong></span> 
     </span>
     <span class='ocr_line' id='line_1_39' title="bbox 735 3975 869 4041; baseline 0.007 -16"><span class='ocrx_word' id='word_1_385' title='bbox 735 3975 869 4041; x_wconf 84' lang='lat' dir='ltr'><strong>publicae.</strong></span> 
     </span>
    </p>

    <p class='ocr_par' dir='ltr' id='par_1_30' title="bbox 165 4055 1301 4198">
     <span class='ocr_line' id='line_1_40' title="bbox 711 4055 1301 4124; baseline 0 -16"><span class='ocrx_word' id='word_1_386' title='bbox 711 4055 1301 4124; x_wconf 53' lang='grc' dir='ltr'><strong>-ΜΜΜΜῊπΜΜ</strong></span> 
     </span>
     <span class='ocr_line' id='line_1_41' title="bbox 165 4116 1300 4198; baseline 0 -14"><span class='ocrx_word' id='word_1_387' title='bbox 165 4119 233 4184; x_wconf 64' lang='lat'><strong><em>91‘0‘1</em></strong></span> <span class='ocrx_word' id='word_1_388' title='bbox 254 4145 289 4154; x_wconf 70' lang='grc'><em>“</em></span> <span class='ocrx_word' id='word_1_389' title='bbox 316 4119 411 4182; x_wconf 46' lang='lat' dir='ltr'><strong>semble</strong></span> <span class='ocrx_word' id='word_1_390' title='bbox 435 4116 497 4184; x_wconf 54' lang='lat'>03⁰2]</span> <span class='ocrx_word' id='word_1_391' title='bbox 524 4135 551 4170; x_wconf 76' lang='lat' dir='ltr'><strong>V·</strong></span> <span class='ocrx_word' id='word_1_392' title='bbox 575 4118 610 4169; x_wconf 58' lang='grc' dir='ltr'><strong>δᾶ</strong></span> <span class='ocrx_word' id='word_1_393' title='bbox 632 4119 693 4184; x_wconf 73' lang='lat'>1¹¹8·</span> <span class='ocrx_word' id='word_1_394' title='bbox 736 4134 869 4186; x_wconf 82' lang='lat' dir='ltr'><strong>formulae</strong></span> <span class='ocrx_word' id='word_1_395' title='bbox 889 4136 935 4186; x_wconf 88' lang='lat' dir='ltr'><strong>boc</strong></span> <span class='ocrx_word' id='word_1_396' title='bbox 955 4143 1007 4195; x_wconf 81' lang='lat' dir='ltr'><strong>est,</strong></span> <span class='ocrx_word' id='word_1_397' title='bbox 1031 4137 1061 4187; x_wconf 84' lang='lat' dir='ltr'><strong>id</strong></span> <span class='ocrx_word' id='word_1_398' title='bbox 1078 4143 1115 4186; x_wconf 77' lang='lat' dir='ltr'><strong>eet</strong></span> <span class='ocrx_word' id='word_1_399' title='bbox 1132 4150 1164 4185; x_wconf 88' lang='lat' dir='ltr'><strong>eo</strong></span> <span class='ocrx_word' id='word_1_400' title='bbox 1183 4138 1300 4198; x_wconf 85' lang='lat' dir='ltr'><strong>constet,</strong></span> 
     </span>
    </p>

    <p class='ocr_par' dir='ltr' id='par_1_31' title="bbox 133 4194 1300 4363">
     <span class='ocr_line' id='line_1_42' title="bbox 133 4194 1300 4280; baseline 0.006 -20"><span class='ocrx_word' id='word_1_401' title='bbox 133 4196 177 4260; x_wconf 69' lang='grc'><strong>14»</strong></span> <span class='ocrx_word' id='word_1_402' title='bbox 196 4194 237 4244; x_wconf 74' lang='lat'><strong>1⁶·</strong></span> <span class='ocrx_word' id='word_1_403' title='bbox 736 4212 809 4278; x_wconf 85' lang='lat' dir='ltr'><strong>quod</strong></span> <span class='ocrx_word' id='word_1_404' title='bbox 832 4212 873 4262; x_wconf 83' lang='lat' dir='ltr'><strong>ita</strong></span> <span class='ocrx_word' id='word_1_405' title='bbox 890 4214 1036 4278; x_wconf 81' lang='lat' dir='ltr'><strong>corrigitur</strong></span> <span class='ocrx_word' id='word_1_406' title='bbox 1056 4213 1219 4280; x_wconf 88' lang='lat' dir='ltr'><strong>praecedens</strong></span> <span class='ocrx_word' id='word_1_407' title='bbox 1238 4232 1300 4279; x_wconf 80' lang='lat' dir='ltr'><strong>vox,</strong></span> 
     </span>
     <span class='ocr_line' id='line_1_43' title="bbox 165 4291 1300 4363; baseline -0.001 -17"><span class='ocrx_word' id='word_1_408' title='bbox 165 4303 189 4346; x_wconf 88' lang='lat' dir='ltr'><strong>et</strong></span> <span class='ocrx_word' id='word_1_409' title='bbox 199 4293 301 4359; x_wconf 81' lang='lat' dir='ltr'><strong>indicio]</strong></span> <span class='ocrx_word' id='word_1_410' title='bbox 314 4295 331 4363; x_wconf 81' lang='lat' dir='ltr'><strong>i.</strong></span> <span class='ocrx_word' id='word_1_411' title='bbox 347 4309 371 4344; x_wconf 87' lang='lat' dir='ltr'><strong>e.</strong></span> <span class='ocrx_word' id='word_1_412' title='bbox 386 4293 532 4359; x_wconf 86' lang='lat' dir='ltr'><strong>etquidem</strong></span> <span class='ocrx_word' id='word_1_413' title='bbox 544 4291 696 4342; x_wconf 83' lang='lat' dir='ltr'><strong>itsbaben-</strong></span> <span class='ocrx_word' id='word_1_414' title='bbox 735 4295 776 4355; x_wconf 83' lang='lat' dir='ltr'><strong>ut,</strong></span> <span class='ocrx_word' id='word_1_415' title='bbox 795 4291 868 4356; x_wconf 90' lang='lat' dir='ltr'><strong>quod</strong></span> <span class='ocrx_word' id='word_1_416' title='bbox 885 4307 929 4342; x_wconf 89' lang='lat' dir='ltr'><strong>res</strong></span> <span class='ocrx_word' id='word_1_417' title='bbox 946 4308 1009 4342; x_wconf 85' lang='lat' dir='ltr'><strong>vere</strong></span> <span class='ocrx_word' id='word_1_418' title='bbox 1024 4296 1052 4344; x_wconf 87' lang='lat' dir='ltr'><strong>et</strong></span> <span class='ocrx_word' id='word_1_419' title='bbox 1061 4293 1170 4358; x_wconf 87' lang='lat' dir='ltr'><strong>proprie</strong></span> <span class='ocrx_word' id='word_1_420' title='bbox 1186 4297 1236 4357; x_wconf 86' lang='lat' dir='ltr'><strong>est,</strong></span> <span class='ocrx_word' id='word_1_421' title='bbox 1251 4309 1300 4358; x_wconf 85' lang='lat' dir='ltr'><strong>pro</strong></span> 
     </span>
    </p>

    <p class='ocr_par' dir='ltr' id='par_1_32' title="bbox 132 4369 967 4440">
     <span class='ocr_line' id='line_1_44' title="bbox 132 4369 967 4440; baseline -0.002 -18"><span class='ocrx_word' id='word_1_422' title='bbox 132 4373 189 4433; x_wconf 89' lang='lat' dir='ltr'><strong>dis,</strong></span> <span class='ocrx_word' id='word_1_423' title='bbox 207 4377 238 4423; x_wconf 86' lang='lat' dir='ltr'><strong>ut</strong></span> <span class='ocrx_word' id='word_1_424' title='bbox 256 4373 341 4440; x_wconf 88' lang='lat' dir='ltr'><strong>ipsius</strong></span> <span class='ocrx_word' id='word_1_425' title='bbox 361 4373 433 4438; x_wconf 79' lang='lat' dir='ltr'><strong>regis</strong></span> <span class='ocrx_word' id='word_1_426' title='bbox 451 4372 580 4422; x_wconf 87' lang='lat' dir='ltr'><strong>indicium</strong></span> <span class='ocrx_word' id='word_1_427' title='bbox 595 4376 621 4421; x_wconf 88' lang='lat' dir='ltr'><strong>et</strong></span> <span class='ocrx_word' id='word_1_428' title='bbox 632 4386 694 4422; x_wconf 86' lang='lat' dir='ltr'><strong>eon·</strong></span> <span class='ocrx_word' id='word_1_429' title='bbox 737 4369 823 4420; x_wconf 82' lang='lat' dir='ltr'><strong>altero</strong></span> <span class='ocrx_word' id='word_1_430' title='bbox 842 4373 967 4434; x_wconf 85' lang='lat' dir='ltr'><strong>ponatur.</strong></span> 
     </span>
    </p>
   </div>
   <div class='ocr_carea' id='block_1_12' title="bbox 130 3865 695 4079">
    <p class='ocr_par' dir='ltr' id='par_1_33' title="bbox 130 3865 695 4079">
     <span class='ocr_line' id='line_1_45' title="bbox 165 3865 695 3931; baseline 0 -13"><span class='ocrx_word' id='word_1_431' title='bbox 165 3867 207 3918; x_wconf 86' lang='lat'><strong>18.</strong></span> <span class='ocrx_word' id='word_1_432' title='bbox 227 3865 283 3916; x_wconf 87' lang='lat' dir='ltr'><strong>Non</strong></span> <span class='ocrx_word' id='word_1_433' title='bbox 302 3881 374 3916; x_wconf 85' lang='lat' dir='ltr'><strong>maan</strong></span> <span class='ocrx_word' id='word_1_434' title='bbox 396 3865 462 3931; x_wconf 74' lang='lat' dir='ltr'><strong>etc]</strong></span> <span class='ocrx_word' id='word_1_435' title='bbox 484 3866 527 3917; x_wconf 75' lang='lat' dir='ltr'><strong>Ad</strong></span> <span class='ocrx_word' id='word_1_436' title='bbox 546 3869 695 3918; x_wconf 89' lang='lat' dir='ltr'><strong>sententia-</strong></span> 
     </span>
     <span class='ocr_line' id='line_1_46' title="bbox 130 3944 694 4009; baseline -0.002 -13"><span class='ocrx_word' id='word_1_437' title='bbox 130 3962 188 3996; x_wconf 89' lang='lat' dir='ltr'><strong>rum</strong></span> <span class='ocrx_word' id='word_1_438' title='bbox 206 3959 304 3994; x_wconf 83' lang='lat' dir='ltr'><strong>nexum</strong></span> <span class='ocrx_word' id='word_1_439' title='bbox 317 3944 495 4009; x_wconf 78' lang='lat' dir='ltr'><strong>supplendum</strong></span> <span class='ocrx_word' id='word_1_440' title='bbox 510 3949 565 3996; x_wconf 85' lang='lat' dir='ltr'><strong>est:</strong></span> <span class='ocrx_word' id='word_1_441' title='bbox 583 3949 694 3998; x_wconf 72' lang='lat' dir='ltr'><strong>bosane</strong></span> 
     </span>
     <span class='ocr_line' id='line_1_47' title="bbox 131 4021 623 4079; baseline 0.002 -7"><span class='ocrx_word' id='word_1_442' title='bbox 131 4037 233 4079; x_wconf 80' lang='lat' dir='ltr'><strong>censeo,-</strong></span> <span class='ocrx_word' id='word_1_443' title='bbox 249 4021 297 4071; x_wconf 82' lang='lat' dir='ltr'><strong>sed</strong></span> <span class='ocrx_word' id='word_1_444' title='bbox 310 4036 358 4071; x_wconf 83' lang='lat' dir='ltr'><strong>non</strong></span> <span class='ocrx_word' id='word_1_445' title='bbox 375 4038 449 4076; x_wconf 82' lang='lat' dir='ltr'><strong>manu</strong></span> <span class='ocrx_word' id='word_1_446' title='bbox 468 4025 520 4076; x_wconf 85' lang='lat' dir='ltr'><strong>etc.</strong></span> <span class='ocrx_word' id='word_1_447' title='bbox 620 4051 623 4060; x_wconf 68' lang='lat'><strong>.,</strong></span> 
     </span>
    </p>
   </div>
   <div class='ocr_carea' id='block_1_13' title="bbox 0 0 1522 4852">
    <p class='ocr_par' dir='ltr' id='par_1_34' title="bbox 0 0 1522 4852">
     <span class='ocr_line' id='line_1_48' title="bbox 0 0 1522 4852; baseline 0 0"><span class='ocrx_word' id='word_1_448' title='bbox 0 0 1522 4852; x_wconf 95' lang='lat' dir='ltr'><strong> </strong></span> 
     </span>
    </p>
   </div>
  </div>
 </body>
</html>
