<?xml version="1.0" encoding="UTF-8"?>
<!DOCTYPE html PUBLIC "-//W3C//DTD XHTML 1.0 Transitional//EN"
    "http://www.w3.org/TR/xhtml1/DTD/xhtml1-transitional.dtd">
<html xmlns="http://www.w3.org/1999/xhtml" xml:lang="en" lang="en">
 <head>
  <title>
</title>
<meta http-equiv="Content-Type" content="text/html;charset=utf-8" />
  <meta name='ocr-system' content='tesseract 3.04.00' />
  <meta name='ocr-capabilities' content='ocr_page ocr_carea ocr_par ocr_line ocrx_word'/>
</head>
<body>
  <div class='ocr_page' id='page_1' title='image "./catilinaiugurth01sallgoog_0308.png"; bbox 0 0 3092 4850; ppageno 0'>
   <div class='ocr_carea' id='block_1_1' title="bbox 320 277 1352 339">
    <p class='ocr_par' dir='ltr' id='par_1_1' title="bbox 320 277 1352 339">
     <span class='ocr_line' id='line_1_1' title="bbox 320 277 1352 339; baseline 0.008 -8"><span class='ocrx_word' id='word_1_1' title='bbox 320 283 566 333; x_wconf 75' lang='lat' dir='ltr'><strong>marcomirum</strong></span> <span class='ocrx_word' id='word_1_2' title='bbox 589 283 816 332; x_wconf 82' lang='lat' dir='ltr'><strong>snucurnurn.</strong></span> <span class='ocrx_word' id='word_1_3' title='bbox 846 285 917 332; x_wconf 83' lang='lat' dir='ltr'><strong>nun.</strong></span> <span class='ocrx_word' id='word_1_4' title='bbox 940 285 978 331; x_wconf 89' lang='lat' dir='ltr'><strong>rr.</strong></span> <span class='ocrx_word' id='word_1_5' title='bbox 1009 285 1063 334; x_wconf 81' lang='lat' dir='ltr'><strong>sn.</strong></span> <span class='ocrx_word' id='word_1_6' title='bbox 1086 281 1199 334; x_wconf 72' lang='lat' dir='ltr'><strong>att-on</strong></span> <span class='ocrx_word' id='word_1_7' title='bbox 1290 277 1352 339; x_wconf 78' lang='lat'><strong>289</strong></span> 
     </span>
    </p>
   </div>
   <div class='ocr_carea' id='block_1_2' title="bbox 170 440 1351 2400">
    <p class='ocr_par' dir='ltr' id='par_1_2' title="bbox 175 440 1351 630">
     <span class='ocr_line' id='line_1_2' title="bbox 259 440 1351 523; baseline 0.004 -23"><span class='ocrx_word' id='word_1_8' title='bbox 259 441 309 502; x_wconf 89' lang='grc'><strong>711.</strong></span> <span class='ocrx_word' id='word_1_9' title='bbox 333 440 572 502; x_wconf 75' lang='lat' dir='ltr'><strong>circumventi-a</strong></span> <span class='ocrx_word' id='word_1_10' title='bbox 595 441 734 518; x_wconf 85' lang='lat' dir='ltr'><strong>dextera,</strong></span> <span class='ocrx_word' id='word_1_11' title='bbox 764 440 838 501; x_wconf 93' lang='lat' dir='ltr'><strong>unde</strong></span> <span class='ocrx_word' id='word_1_12' title='bbox 866 441 974 502; x_wconf 86' lang='lat' dir='ltr'><strong>ierrurn</strong></span> <span class='ocrx_word' id='word_1_13' title='bbox 1003 453 1079 520; x_wconf 87' lang='lat' dir='ltr'><strong>erat,</strong></span> <span class='ocrx_word' id='word_1_14' title='bbox 1108 461 1178 504; x_wconf 85' lang='lat' dir='ltr'><strong>saxa</strong></span> <span class='ocrx_word' id='word_1_15' title='bbox 1208 454 1255 506; x_wconf 85' lang='lat' dir='ltr'><strong>aut</strong></span> <span class='ocrx_word' id='word_1_16' title='bbox 1284 445 1351 523; x_wconf 90' lang='lat' dir='ltr'><strong>quid</strong></span> 
     </span>
     <span class='ocr_line' id='line_1_3' title="bbox 175 550 556 630; baseline 0.008 -23"><span class='ocrx_word' id='word_1_17' title='bbox 175 550 233 608; x_wconf 89' lang='lat' dir='ltr'><strong>tale</strong></span> <span class='ocrx_word' id='word_1_18' title='bbox 258 553 354 630; x_wconf 89' lang='lat' dir='ltr'><strong>capita</strong></span> <span class='ocrx_word' id='word_1_19' title='bbox 376 553 556 630; x_wconf 75' lang='lat' dir='ltr'><strong>affligebant.</strong></span> 
     </span>
    </p>

    <p class='ocr_par' dir='ltr' id='par_1_3' title="bbox 260 661 991 743">
     <span class='ocr_line' id='line_1_4' title="bbox 260 661 991 743; baseline 0.003 -23"><span class='ocrx_word' id='word_1_20' title='bbox 260 661 310 720; x_wconf 82' lang='lat'><strong>71.</strong></span> <span class='ocrx_word' id='word_1_21' title='bbox 334 663 410 724; x_wconf 90' lang='lat' dir='ltr'><strong>Suos</strong></span> <span class='ocrx_word' id='word_1_22' title='bbox 433 666 547 743; x_wconf 85' lang='lat' dir='ltr'><strong>equites</strong></span> <span class='ocrx_word' id='word_1_23' title='bbox 567 663 699 724; x_wconf 76' lang='lat' dir='ltr'><strong>hortatus</strong></span> <span class='ocrx_word' id='word_1_24' title='bbox 724 663 800 724; x_wconf 91' lang='lat' dir='ltr'><strong>vado</strong></span> <span class='ocrx_word' id='word_1_25' title='bbox 823 666 991 724; x_wconf 71' lang='lat' dir='ltr'><strong>transmisit.</strong></span> 
     </span>
    </p>

    <p class='ocr_par' dir='ltr' id='par_1_4' title="bbox 259 772 1176 853">
     <span class='ocr_line' id='line_1_5' title="bbox 259 772 1176 853; baseline 0.004 -23"><span class='ocrx_word' id='word_1_26' title='bbox 259 772 309 831; x_wconf 87' lang='grc'><strong>72.</strong></span> <span class='ocrx_word' id='word_1_27' title='bbox 335 772 397 833; x_wconf 91' lang='lat' dir='ltr'><strong>Ictu</strong></span> <span class='ocrx_word' id='word_1_28' title='bbox 421 792 539 851; x_wconf 83' lang='lat' dir='ltr'><strong>eorum,</strong></span> <span class='ocrx_word' id='word_1_29' title='bbox 565 775 664 853; x_wconf 86' lang='lat' dir='ltr'><strong>quiin</strong></span> <span class='ocrx_word' id='word_1_30' title='bbox 687 774 802 834; x_wconf 88' lang='lat' dir='ltr'><strong>lluminc</strong></span> <span class='ocrx_word' id='word_1_31' title='bbox 826 774 963 851; x_wconf 82' lang='lat' dir='ltr'><strong>ruebant,</strong></span> <span class='ocrx_word' id='word_1_32' title='bbox 987 773 1176 834; x_wconf 80' lang='lat' dir='ltr'><strong>necabantur.</strong></span> 
     </span>
    </p>

    <p class='ocr_par' dir='ltr' id='par_1_5' title="bbox 259 882 1275 964">
     <span class='ocr_line' id='line_1_6' title="bbox 259 882 1275 964; baseline 0.004 -23"><span class='ocrx_word' id='word_1_33' title='bbox 259 883 309 942; x_wconf 88' lang='grc'><strong>73.</strong></span> <span class='ocrx_word' id='word_1_34' title='bbox 331 882 436 962; x_wconf 85' lang='lat' dir='ltr'><strong>Neque</strong></span> <span class='ocrx_word' id='word_1_35' title='bbox 456 885 575 944; x_wconf 89' lang='lat' dir='ltr'><strong>inermis</strong></span> <span class='ocrx_word' id='word_1_36' title='bbox 593 903 631 944; x_wconf 87' lang='lat' dir='ltr'><strong>ex</strong></span> <span class='ocrx_word' id='word_1_37' title='bbox 654 884 771 964; x_wconf 89' lang='lat' dir='ltr'><strong>proelio</strong></span> <span class='ocrx_word' id='word_1_38' title='bbox 794 886 877 944; x_wconf 91' lang='lat' dir='ltr'><strong>viros</strong></span> <span class='ocrx_word' id='word_1_39' title='bbox 900 901 1072 963; x_wconf 88' lang='lat' dir='ltr'><strong>quemquam</strong></span> <span class='ocrx_word' id='word_1_40' title='bbox 1093 894 1275 961; x_wconf 83' lang='lat' dir='ltr'><strong>agnotnrnm.</strong></span> 
     </span>
    </p>

    <p class='ocr_par' dir='ltr' id='par_1_6' title="bbox 233 969 1323 1074">
     <span class='ocr_line' id='line_1_7' title="bbox 233 969 1323 1074; baseline -0.002 -17"><span class='ocrx_word' id='word_1_41' title='bbox 233 1051 236 1057; x_wconf 94' lang='lat'><strong>.</strong></span> <span class='ocrx_word' id='word_1_42' title='bbox 259 995 308 1053; x_wconf 91' lang='grc'><strong>74.</strong></span> <span class='ocrx_word' id='word_1_43' title='bbox 332 993 432 1054; x_wconf 89' lang='lat' dir='ltr'><strong>Omnia</strong></span> <span class='ocrx_word' id='word_1_44' title='bbox 455 1004 570 1055; x_wconf 89' lang='lat' dir='ltr'><strong>sacrata</strong></span> <span class='ocrx_word' id='word_1_45' title='bbox 595 1012 722 1072; x_wconf 87' lang='lat' dir='ltr'><strong>corpora</strong></span> <span class='ocrx_word' id='word_1_46' title='bbox 745 997 773 1052; x_wconf 92' lang='lat' dir='ltr'><strong>in</strong></span> <span class='ocrx_word' id='word_1_47' title='bbox 795 1003 873 1054; x_wconf 89' lang='lat' dir='ltr'><strong>rates</strong></span> <span class='ocrx_word' id='word_1_48' title='bbox 893 997 1078 1074; x_wconf 81' lang='lat' dir='ltr'><strong>imposuisse.</strong></span> <span class='ocrx_word' id='word_1_49' title='bbox 1321 969 1323 974; x_wconf 23' lang='grc' dir='ltr'>Ι</span> 
     </span>
    </p>

    <p class='ocr_par' dir='ltr' id='par_1_7' title="bbox 258 1104 1274 1183">
     <span class='ocr_line' id='line_1_8' title="bbox 258 1104 1274 1183; baseline 0 -19"><span class='ocrx_word' id='word_1_50' title='bbox 258 1106 308 1164; x_wconf 88' lang='grc'><strong>75.</strong></span> <span class='ocrx_word' id='word_1_51' title='bbox 332 1105 428 1166; x_wconf 91' lang='lat' dir='ltr'><strong>Primo</strong></span> <span class='ocrx_word' id='word_1_52' title='bbox 451 1106 550 1165; x_wconf 86' lang='lat' dir='ltr'><strong>incidit</strong></span> <span class='ocrx_word' id='word_1_53' title='bbox 571 1105 648 1165; x_wconf 81' lang='lat' dir='ltr'><strong>forte</strong></span> <span class='ocrx_word' id='word_1_54' title='bbox 671 1123 725 1183; x_wconf 94' lang='lat' dir='ltr'><strong>per</strong></span> <span class='ocrx_word' id='word_1_55' title='bbox 746 1112 862 1162; x_wconf 85' lang='lat' dir='ltr'><strong>noctem</strong></span> <span class='ocrx_word' id='word_1_56' title='bbox 883 1107 910 1162; x_wconf 93' lang='lat' dir='ltr'><strong>in</strong></span> <span class='ocrx_word' id='word_1_57' title='bbox 933 1104 1090 1164; x_wconf 78' lang='lat' dir='ltr'><strong>lenunculo</strong></span> <span class='ocrx_word' id='word_1_58' title='bbox 1114 1106 1274 1183; x_wconf 83' lang='lat' dir='ltr'><strong>piscantis·</strong></span> 
     </span>
    </p>

    <p class='ocr_par' dir='ltr' id='par_1_8' title="bbox 257 1213 901 1293">
     <span class='ocr_line' id='line_1_9' title="bbox 257 1213 901 1293; baseline -0.005 -18"><span class='ocrx_word' id='word_1_59' title='bbox 257 1217 307 1276; x_wconf 84' lang='lat'><strong>76.</strong></span> <span class='ocrx_word' id='word_1_60' title='bbox 335 1213 460 1275; x_wconf 86' lang='lat' dir='ltr'><strong>Immune</strong></span> <span class='ocrx_word' id='word_1_61' title='bbox 485 1223 620 1293; x_wconf 88' lang='lat' dir='ltr'><strong>qnantum</strong></span> <span class='ocrx_word' id='word_1_62' title='bbox 642 1215 726 1273; x_wconf 90' lang='lat' dir='ltr'><strong>animi</strong></span> <span class='ocrx_word' id='word_1_63' title='bbox 750 1232 901 1274; x_wconf 81' lang='lat' dir='ltr'><strong>exarsere.</strong></span> 
     </span>
    </p>

    <p class='ocr_par' dir='ltr' id='par_1_9' title="bbox 259 1324 1080 1404">
     <span class='ocr_line' id='line_1_10' title="bbox 259 1324 1080 1404; baseline -0.004 -20"><span class='ocrx_word' id='word_1_64' title='bbox 259 1327 309 1384; x_wconf 94' lang='grc'><strong>77.</strong></span> <span class='ocrx_word' id='word_1_65' title='bbox 333 1325 431 1384; x_wconf 86' lang='lat' dir='ltr'><strong>Genus</strong></span> <span class='ocrx_word' id='word_1_66' title='bbox 452 1325 571 1385; x_wconf 90' lang='lat' dir='ltr'><strong>militnm</strong></span> <span class='ocrx_word' id='word_1_67' title='bbox 595 1333 704 1384; x_wconf 91' lang='lat' dir='ltr'><strong>suetum</strong></span> <span class='ocrx_word' id='word_1_68' title='bbox 729 1345 744 1384; x_wconf 90' lang='lat' dir='ltr'><strong>a</strong></span> <span class='ocrx_word' id='word_1_69' title='bbox 765 1325 887 1404; x_wconf 88' lang='lat' dir='ltr'><strong>pucritia</strong></span> <span class='ocrx_word' id='word_1_70' title='bbox 911 1324 1080 1384; x_wconf 89' lang='lat' dir='ltr'><strong>latrociniis.</strong></span> 
     </span>
    </p>

    <p class='ocr_par' dir='ltr' id='par_1_10' title="bbox 172 1434 1346 1606">
     <span class='ocr_line' id='line_1_11' title="bbox 258 1434 1346 1514; baseline 0.003 -20"><span class='ocrx_word' id='word_1_71' title='bbox 258 1434 309 1496; x_wconf 93' lang='grc'><strong>78.</strong></span> <span class='ocrx_word' id='word_1_72' title='bbox 333 1434 430 1495; x_wconf 87' lang='lat' dir='ltr'><strong>Genus</strong></span> <span class='ocrx_word' id='word_1_73' title='bbox 451 1436 595 1495; x_wconf 91' lang='lat' dir='ltr'><strong>hominurn</strong></span> <span class='ocrx_word' id='word_1_74' title='bbox 618 1454 722 1512; x_wconf 81' lang='lat' dir='ltr'><strong>vagum</strong></span> <span class='ocrx_word' id='word_1_75' title='bbox 742 1444 770 1494; x_wconf 89' lang='lat' dir='ltr'><strong>et</strong></span> <span class='ocrx_word' id='word_1_76' title='bbox 788 1435 897 1512; x_wconf 81' lang='lat' dir='ltr'><strong>rapinis</strong></span> <span class='ocrx_word' id='word_1_77' title='bbox 918 1443 1028 1493; x_wconf 89' lang='lat' dir='ltr'><strong>suetum</strong></span> <span class='ocrx_word' id='word_1_78' title='bbox 1047 1437 1139 1510; x_wconf 81' lang='lat' dir='ltr'><strong>magis</strong></span> <span class='ocrx_word' id='word_1_79' title='bbox 1161 1453 1248 1513; x_wconf 71' lang='lat' dir='ltr'><strong>quarn,</strong></span> <span class='ocrx_word' id='word_1_80' title='bbox 1261 1457 1346 1514; x_wconf 82' lang='lat' dir='ltr'><strong>agro·</strong></span> 
     </span>
     <span class='ocr_line' id='line_1_12' title="bbox 172 1545 391 1606; baseline -0.005 -1"><span class='ocrx_word' id='word_1_81' title='bbox 172 1565 234 1606; x_wconf 90' lang='lat' dir='ltr'><strong>rum</strong></span> <span class='ocrx_word' id='word_1_82' title='bbox 259 1545 391 1606; x_wconf 89' lang='lat' dir='ltr'><strong>cultibus.</strong></span> 
     </span>
    </p>

    <p class='ocr_par' dir='ltr' id='par_1_11' title="bbox 259 1655 1000 1720">
     <span class='ocr_line' id='line_1_13' title="bbox 259 1655 1000 1720; baseline -0.005 -2"><span class='ocrx_word' id='word_1_83' title='bbox 259 1659 309 1720; x_wconf 89' lang='grc'><strong>79.</strong></span> <span class='ocrx_word' id='word_1_84' title='bbox 335 1656 432 1717; x_wconf 84' lang='lat' dir='ltr'><strong>Genus</strong></span> <span class='ocrx_word' id='word_1_85' title='bbox 456 1658 543 1716; x_wconf 87' lang='lat' dir='ltr'><strong>armis</strong></span> <span class='ocrx_word' id='word_1_86' title='bbox 562 1656 648 1716; x_wconf 89' lang='lat' dir='ltr'><strong>icrox</strong></span> <span class='ocrx_word' id='word_1_87' title='bbox 672 1665 700 1715; x_wconf 91' lang='lat' dir='ltr'><strong>et</strong></span> <span class='ocrx_word' id='word_1_88' title='bbox 722 1657 821 1715; x_wconf 88' lang='lat' dir='ltr'><strong>serviti</strong></span> <span class='ocrx_word' id='word_1_89' title='bbox 845 1655 1000 1716; x_wconf 85' lang='lat' dir='ltr'><strong>insolitum.</strong></span> 
     </span>
    </p>

    <p class='ocr_par' dir='ltr' id='par_1_12' title="bbox 258 1765 986 1848">
     <span class='ocr_line' id='line_1_14' title="bbox 258 1765 986 1848; baseline -0.008 -18"><span class='ocrx_word' id='word_1_90' title='bbox 258 1769 307 1830; x_wconf 87' lang='lat'><strong>80.</strong></span> <span class='ocrx_word' id='word_1_91' title='bbox 328 1768 400 1829; x_wconf 90' lang='lat' dir='ltr'><strong>Nam</strong></span> <span class='ocrx_word' id='word_1_92' title='bbox 421 1767 524 1848; x_wconf 94' lang='lat' dir='ltr'><strong>procul</strong></span> <span class='ocrx_word' id='word_1_93' title='bbox 549 1776 578 1826; x_wconf 85' lang='lat' dir='ltr'><strong>ct</strong></span> <span class='ocrx_word' id='word_1_94' title='bbox 598 1767 724 1826; x_wconf 81' lang='lat' dir='ltr'><strong>divorsis</strong></span> <span class='ocrx_word' id='word_1_95' title='bbox 747 1785 784 1824; x_wconf 84' lang='lat' dir='ltr'><strong>ex</strong></span> <span class='ocrx_word' id='word_1_96' title='bbox 806 1765 986 1843; x_wconf 81' lang='lat' dir='ltr'><strong>regionibus.</strong></span> 
     </span>
    </p>

    <p class='ocr_par' dir='ltr' id='par_1_13' title="bbox 171 1875 1346 2049">
     <span class='ocr_line' id='line_1_15' title="bbox 258 1875 1346 1958; baseline -0.001 -19"><span class='ocrx_word' id='word_1_97' title='bbox 258 1879 308 1940; x_wconf 85' lang='lat'><strong>81.</strong></span> <span class='ocrx_word' id='word_1_98' title='bbox 331 1878 471 1956; x_wconf 82' lang='lat' dir='ltr'><strong>Dubium,</strong></span> <span class='ocrx_word' id='word_1_99' title='bbox 495 1878 646 1938; x_wconf 88' lang='lat' dir='ltr'><strong>aninsula</strong></span> <span class='ocrx_word' id='word_1_100' title='bbox 670 1878 722 1953; x_wconf 82' lang='lat' dir='ltr'><strong>sit,</strong></span> <span class='ocrx_word' id='word_1_101' title='bbox 747 1875 825 1954; x_wconf 89' lang='lat' dir='ltr'><strong>quod</strong></span> <span class='ocrx_word' id='word_1_102' title='bbox 853 1877 914 1936; x_wconf 89' lang='lat' dir='ltr'><strong>curi</strong></span> <span class='ocrx_word' id='word_1_103' title='bbox 944 1886 1031 1954; x_wconf 89' lang='lat' dir='ltr'><strong>atque</strong></span> <span class='ocrx_word' id='word_1_104' title='bbox 1054 1879 1144 1937; x_wconf 87' lang='lat' dir='ltr'><strong>austri</strong></span> <span class='ocrx_word' id='word_1_105' title='bbox 1172 1881 1346 1958; x_wconf 89' lang='lat' dir='ltr'><strong>superiactis</strong></span> 
     </span>
     <span class='ocr_line' id='line_1_16' title="bbox 171 1988 553 2049; baseline -0.005 -2"><span class='ocrx_word' id='word_1_106' title='bbox 171 1988 305 2048; x_wconf 82' lang='lat' dir='ltr'><strong>{luctibus</strong></span> <span class='ocrx_word' id='word_1_107' title='bbox 329 1988 553 2049; x_wconf 85' lang='lat' dir='ltr'><strong>circumluvitur.</strong></span> 
     </span>
    </p>

    <p class='ocr_par' dir='ltr' id='par_1_14' title="bbox 170 2095 1345 2272">
     <span class='ocr_line' id='line_1_17' title="bbox 257 2095 1345 2181; baseline 0.002 -21"><span class='ocrx_word' id='word_1_108' title='bbox 257 2100 307 2160; x_wconf 87' lang='lat'><strong>82.</strong></span> <span class='ocrx_word' id='word_1_109' title='bbox 330 2100 441 2161; x_wconf 84' lang='lat' dir='ltr'><strong>Murum</strong></span> <span class='ocrx_word' id='word_1_110' title='bbox 464 2099 501 2160; x_wconf 87' lang='lat' dir='ltr'><strong>ab</strong></span> <span class='ocrx_word' id='word_1_111' title='bbox 526 2097 635 2175; x_wconf 79' lang='lat' dir='ltr'><strong>angulo</strong></span> <span class='ocrx_word' id='word_1_112' title='bbox 665 2097 760 2157; x_wconf 84' lang='lat' dir='ltr'><strong>dextri</strong></span> <span class='ocrx_word' id='word_1_113' title='bbox 791 2095 891 2156; x_wconf 85' lang='lat' dir='ltr'><strong>lateris</strong></span> <span class='ocrx_word' id='word_1_114' title='bbox 922 2098 957 2158; x_wconf 90' lang='lat' dir='ltr'><strong>ad</strong></span> <span class='ocrx_word' id='word_1_115' title='bbox 981 2099 1115 2178; x_wconf 85' lang='lat' dir='ltr'><strong>paludem</strong></span> <span class='ocrx_word' id='word_1_116' title='bbox 1143 2100 1217 2160; x_wconf 92' lang='lat' dir='ltr'><strong>baud</strong></span> <span class='ocrx_word' id='word_1_117' title='bbox 1242 2102 1345 2181; x_wconf 92' lang='lat' dir='ltr'><strong>procul</strong></span> 
     </span>
     <span class='ocr_line' id='line_1_18' title="bbox 170 2211 423 2272; baseline 0.004 -4"><span class='ocrx_word' id='word_1_118' title='bbox 170 2220 310 2271; x_wconf 88' lang='lat' dir='ltr'><strong>remotam</strong></span> <span class='ocrx_word' id='word_1_119' title='bbox 334 2211 423 2272; x_wconf 83' lang='lat' dir='ltr'><strong>duxit.</strong></span> 
     </span>
    </p>

    <p class='ocr_par' dir='ltr' id='par_1_15' title="bbox 255 2319 1343 2400">
     <span class='ocr_line' id='line_1_19' title="bbox 255 2319 1343 2400; baseline -0.004 -17"><span class='ocrx_word' id='word_1_120' title='bbox 255 2321 304 2383; x_wconf 92' lang='grc'><strong>83.</strong></span> <span class='ocrx_word' id='word_1_121' title='bbox 329 2320 453 2398; x_wconf 80' lang='lat' dir='ltr'><strong>Omnes,</strong></span> <span class='ocrx_word' id='word_1_122' title='bbox 487 2321 534 2400; x_wconf 89' lang='lat' dir='ltr'><strong>qui</strong></span> <span class='ocrx_word' id='word_1_123' title='bbox 570 2320 678 2379; x_wconf 89' lang='lat' dir='ltr'><strong>circum</strong></span> <span class='ocrx_word' id='word_1_124' title='bbox 717 2326 797 2393; x_wconf 86' lang='lat' dir='ltr'><strong>sunt,</strong></span> <span class='ocrx_word' id='word_1_125' title='bbox 838 2319 1019 2398; x_wconf 82' lang='lat' dir='ltr'><strong>praendnent</strong></span> <span class='ocrx_word' id='word_1_126' title='bbox 1053 2322 1202 2382; x_wconf 85' lang='lat' dir='ltr'><strong>altitudine</strong></span> <span class='ocrx_word' id='word_1_127' title='bbox 1237 2323 1343 2382; x_wconf 90' lang='lat' dir='ltr'><strong>milium</strong></span> 
     </span>
    </p>
   </div>
   <div class='ocr_carea' id='block_1_3' title="bbox 170 2433 1343 2625">
    <p class='ocr_par' dir='ltr' id='par_1_16' title="bbox 170 2433 1343 2625">
     <span class='ocr_line' id='line_1_20' title="bbox 170 2433 686 2520; baseline 0 -28"><span class='ocrx_word' id='word_1_128' title='bbox 170 2450 304 2512; x_wconf 90' lang='lat' dir='ltr'><strong>passuum</strong></span> <span class='ocrx_word' id='word_1_129' title='bbox 326 2433 455 2494; x_wconf 91' lang='lat' dir='ltr'><strong>duorum.</strong></span> <span class='ocrx_word' id='word_1_130' title='bbox 684 2516 686 2520; x_wconf 23' lang='grc' dir='ltr'>Ι</span> 
     </span>
     <span class='ocr_line' id='line_1_21' title="bbox 254 2539 1343 2625; baseline -0.002 -20"><span class='ocrx_word' id='word_1_131' title='bbox 254 2544 304 2605; x_wconf 88' lang='grc'><strong>84.</strong></span> <span class='ocrx_word' id='word_1_132' title='bbox 316 2543 388 2605; x_wconf 85' lang='lat' dir='ltr'><strong>Earn</strong></span> <span class='ocrx_word' id='word_1_133' title='bbox 401 2543 575 2603; x_wconf 83' lang='lat' dir='ltr'><strong>deditionem</strong></span> <span class='ocrx_word' id='word_1_134' title='bbox 587 2550 704 2601; x_wconf 86' lang='lat' dir='ltr'><strong>senatus</strong></span> <span class='ocrx_word' id='word_1_135' title='bbox 714 2555 768 2617; x_wconf 93' lang='lat' dir='ltr'><strong>per</strong></span> <span class='ocrx_word' id='word_1_136' title='bbox 777 2540 899 2606; x_wconf 83' lang='lat' dir='ltr'><strong>nuncios</strong></span> <span class='ocrx_word' id='word_1_137' title='bbox 908 2539 1021 2604; x_wconf 88' lang='lat' dir='ltr'><strong>Orestis</strong></span> <span class='ocrx_word' id='word_1_138' title='bbox 1035 2548 1180 2623; x_wconf 84' lang='lat' dir='ltr'><strong>cognitam</strong></span> <span class='ocrx_word' id='word_1_139' title='bbox 1190 2545 1343 2625; x_wconf 86' lang='lat' dir='ltr'><strong>approbat.</strong></span> 
     </span>
    </p>
   </div>
   <div class='ocr_carea' id='block_1_4' title="bbox 168 2727 1421 2976">
    <p class='ocr_par' dir='ltr' id='par_1_17' title="bbox 168 2727 1421 2976">
     <span class='ocr_line' id='line_1_22' title="bbox 169 2727 1342 2800; baseline -0.001 -20"><span class='ocrx_word' id='word_1_140' title='bbox 169 2746 223 2794; x_wconf 87' lang='lat' dir='ltr'><strong>qua</strong></span> <span class='ocrx_word' id='word_1_141' title='bbox 242 2731 309 2780; x_wconf 89' lang='lat' dir='ltr'><strong>urbe</strong></span> <span class='ocrx_word' id='word_1_142' title='bbox 327 2731 468 2797; x_wconf 85' lang='lat' dir='ltr'><strong>repentino</strong></span> <span class='ocrx_word' id='word_1_143' title='bbox 486 2728 557 2780; x_wconf 87' lang='lat' dir='ltr'><strong>malo</strong></span> <span class='ocrx_word' id='word_1_144' title='bbox 575 2727 619 2778; x_wconf 86' lang='lat' dir='ltr'><strong>vel</strong></span> <span class='ocrx_word' id='word_1_145' title='bbox 633 2729 732 2790; x_wconf 89' lang='lat' dir='ltr'><strong>impro·</strong></span> <span class='ocrx_word' id='word_1_146' title='bbox 776 2730 863 2776; x_wconf 87' lang='lat' dir='ltr'><strong>terum</strong></span> <span class='ocrx_word' id='word_1_147' title='bbox 874 2729 1010 2800; x_wconf 87' lang='lat' dir='ltr'><strong>obiectum</strong></span> <span class='ocrx_word' id='word_1_148' title='bbox 1020 2732 1095 2781; x_wconf 86' lang='lat' dir='ltr'><strong>verbi</strong></span> <span class='ocrx_word' id='word_1_149' title='bbox 1106 2741 1261 2796; x_wconf 72' lang='lat' dir='ltr'><strong>apronianum,</strong></span> <span class='ocrx_word' id='word_1_150' title='bbox 1270 2731 1342 2795; x_wconf 86' lang='lat' dir='ltr'><strong>quod</strong></span> 
     </span>
     <span class='ocr_line' id='line_1_23' title="bbox 168 2806 1343 2872; baseline 0 -16"><span class='ocrx_word' id='word_1_151' title='bbox 168 2810 227 2858; x_wconf 89' lang='lat' dir='ltr'><strong>viso</strong></span> <span class='ocrx_word' id='word_1_152' title='bbox 246 2809 349 2872; x_wconf 84' lang='lat' dir='ltr'><strong>impetu</strong></span> <span class='ocrx_word' id='word_1_153' title='bbox 367 2812 436 2858; x_wconf 86' lang='lat' dir='ltr'><strong>orta.</strong></span> <span class='ocrx_word' id='word_1_154' title='bbox 776 2806 933 2855; x_wconf 85' lang='lat' dir='ltr'><strong>continetur</strong></span> <span class='ocrx_word' id='word_1_155' title='bbox 953 2807 1044 2856; x_wconf 87' lang='lat' dir='ltr'><strong>verbis</strong></span> <span class='ocrx_word' id='word_1_156' title='bbox 1066 2812 1166 2858; x_wconf 79' lang='lat' dir='ltr'><strong>inermis</strong></span> <span class='ocrx_word' id='word_1_157' title='bbox 1184 2825 1219 2859; x_wconf 74' lang='lat' dir='ltr'><strong>ea:</strong></span> <span class='ocrx_word' id='word_1_158' title='bbox 1233 2811 1343 2871; x_wconf 83' lang='lat' dir='ltr'><strong>proelio,</strong></span> 
     </span>
     <span class='ocr_line' id='line_1_24' title="bbox 201 2881 1421 2976; baseline 0.002 -46"><span class='ocrx_word' id='word_1_159' title='bbox 201 2903 249 2952; x_wconf 48' lang='lat' dir='ltr'><strong>pr·</strong></span> <span class='ocrx_word' id='word_1_160' title='bbox 267 2899 412 2966; x_wconf 79' lang='lat' dir='ltr'><strong>67.]rt0n.</strong></span> <span class='ocrx_word' id='word_1_161' title='bbox 430 2899 545 2964; x_wconf 38' lang='lat'><strong>11333·</strong></span> <span class='ocrx_word' id='word_1_162' title='bbox 566 2915 592 2963; x_wconf 56' lang='grc' dir='ltr'><strong>Ρ,</strong></span> <span class='ocrx_word' id='word_1_163' title='bbox 612 2899 669 2959; x_wconf 62' lang='grc'><strong>177,</strong></span> <span class='ocrx_word' id='word_1_164' title='bbox 689 2898 732 2945; x_wconf 64' lang='grc' dir='ltr'><strong>ῃ,</strong></span> <span class='ocrx_word' id='word_1_165' title='bbox 775 2882 817 2930; x_wconf 81' lang='lat' dir='ltr'><strong>ita</strong></span> <span class='ocrx_word' id='word_1_166' title='bbox 838 2881 979 2944; x_wconf 86' lang='lat' dir='ltr'><strong>definitur,</strong></span> <span class='ocrx_word' id='word_1_167' title='bbox 1005 2887 1036 2932; x_wconf 82' lang='lat' dir='ltr'><strong>ut</strong></span> <span class='ocrx_word' id='word_1_168' title='bbox 1059 2886 1128 2935; x_wconf 85' lang='lat' dir='ltr'><strong>viros</strong></span> <span class='ocrx_word' id='word_1_169' title='bbox 1153 2885 1223 2934; x_wconf 86' lang='lat' dir='ltr'><strong>idom</strong></span> <span class='ocrx_word' id='word_1_170' title='bbox 1250 2885 1343 2934; x_wconf 85' lang='lat' dir='ltr'><strong>valeat</strong></span> <span class='ocrx_word' id='word_1_171' title='bbox 1419 2965 1421 2976; x_wconf 43' lang='grc' dir='ltr'>Ι</span> 
     </span>
    </p>
   </div>
   <div class='ocr_carea' id='block_1_5' title="bbox 120 2961 1340 3191">
    <p class='ocr_par' dir='ltr' id='par_1_18' title="bbox 120 2961 1340 3191">
     <span class='ocr_line' id='line_1_25' title="bbox 166 2961 1013 3038; baseline -0.012 -10"><span class='ocrx_word' id='word_1_172' title='bbox 166 2979 251 3028; x_wconf 83' lang='lat' dir='ltr'><strong>Mero.</strong></span> <span class='ocrx_word' id='word_1_173' title='bbox 281 2979 415 3030; x_wconf 84' lang='lat' dir='ltr'><strong>Videntur</strong></span> <span class='ocrx_word' id='word_1_174' title='bbox 427 2979 532 3030; x_wconf 83' lang='lat' dir='ltr'><strong>obsessi</strong></span> <span class='ocrx_word' id='word_1_175' title='bbox 546 2991 621 3026; x_wconf 82' lang='lat' dir='ltr'><strong>eones</strong></span> <span class='ocrx_word' id='word_1_176' title='bbox 638 2975 734 3038; x_wconf 81' lang='lat' dir='ltr'><strong>sportis</strong></span> <span class='ocrx_word' id='word_1_177' title='bbox 777 2964 860 3023; x_wconf 61' lang='lat' dir='ltr'><strong>aldim</strong></span> <span class='ocrx_word' id='word_1_178' title='bbox 875 2973 924 3021; x_wconf 63' lang='lat' dir='ltr'><strong>Plo</strong></span> <span class='ocrx_word' id='word_1_179' title='bbox 942 2961 1013 3008; x_wconf 73' lang='lat' dir='ltr'><strong>ciris.</strong></span> 
     </span>
     <span class='ocr_line' id='line_1_26' title="bbox 120 3034 1306 3112; baseline -0.013 -5"><span class='ocrx_word' id='word_1_180' title='bbox 120 3063 128 3080; x_wconf 82' lang='lat'>⁸</span> <span class='ocrx_word' id='word_1_181' title='bbox 169 3058 297 3112; x_wconf 74' lang='lat' dir='ltr'><strong>dorniciasc</strong></span> <span class='ocrx_word' id='word_1_182' title='bbox 315 3056 352 3106; x_wconf 88' lang='lat' dir='ltr'><strong>ad</strong></span> <span class='ocrx_word' id='word_1_183' title='bbox 368 3057 460 3108; x_wconf 89' lang='lat' dir='ltr'><strong>hostes</strong></span> <span class='ocrx_word' id='word_1_184' title='bbox 476 3053 616 3106; x_wconf 83' lang='lat' dir='ltr'><strong>torrendos</strong></span> <span class='ocrx_word' id='word_1_185' title='bbox 636 3069 668 3103; x_wconf 89' lang='lat' dir='ltr'><strong>ac</strong></span> <span class='ocrx_word' id='word_1_186' title='bbox 681 3051 734 3101; x_wconf 91' lang='lat' dir='ltr'><strong>dis.</strong></span> <span class='ocrx_word' id='word_1_187' title='bbox 811 3039 857 3088; x_wconf 85' lang='lat' dir='ltr'><strong>Fr.</strong></span> <span class='ocrx_word' id='word_1_188' title='bbox 878 3034 932 3103; x_wconf 81' lang='lat'><strong>74.]</strong></span> <span class='ocrx_word' id='word_1_189' title='bbox 954 3038 1082 3089; x_wconf 84' lang='lat' dir='ltr'><strong>Arusian.</strong></span> <span class='ocrx_word' id='word_1_190' title='bbox 1101 3055 1128 3104; x_wconf 87' lang='lat' dir='ltr'><strong>p.</strong></span> <span class='ocrx_word' id='word_1_191' title='bbox 1148 3039 1208 3090; x_wconf 85' lang='grc'><strong>239.</strong></span> <span class='ocrx_word' id='word_1_192' title='bbox 1226 3041 1306 3091; x_wconf 90' lang='lat' dir='ltr'><strong>Lind.</strong></span> 
     </span>
     <span class='ocr_line' id='line_1_27' title="bbox 167 3120 1340 3191; baseline -0.009 -7"><span class='ocrx_word' id='word_1_193' title='bbox 167 3133 329 3184; x_wconf 87' lang='lat' dir='ltr'><strong>turbandos.</strong></span> <span class='ocrx_word' id='word_1_194' title='bbox 811 3124 857 3173; x_wconf 86' lang='lat' dir='ltr'><strong>Fr.</strong></span> <span class='ocrx_word' id='word_1_195' title='bbox 872 3120 928 3187; x_wconf 82' lang='lat'><strong>75.]</strong></span> <span class='ocrx_word' id='word_1_196' title='bbox 945 3124 1016 3175; x_wconf 90' lang='lat' dir='ltr'><strong>Non.</strong></span> <span class='ocrx_word' id='word_1_197' title='bbox 1033 3125 1110 3189; x_wconf 87' lang='lat' dir='ltr'>XIII,</span> <span class='ocrx_word' id='word_1_198' title='bbox 1130 3125 1156 3177; x_wconf 88' lang='grc'><strong>8.</strong></span> <span class='ocrx_word' id='word_1_199' title='bbox 1175 3142 1202 3191; x_wconf 93' lang='lat' dir='ltr'><strong>p.</strong></span> <span class='ocrx_word' id='word_1_200' title='bbox 1217 3127 1278 3190; x_wconf 89' lang='grc'><strong>544,</strong></span> <span class='ocrx_word' id='word_1_201' title='bbox 1298 3127 1340 3177; x_wconf 86' lang='grc'><strong>30.</strong></span> 
     </span>
    </p>
   </div>
   <div class='ocr_carea' id='block_1_6' title="bbox 169 3199 1341 3360">
    <p class='ocr_par' dir='ltr' id='par_1_19' title="bbox 169 3199 1341 3360">
     <span class='ocr_line' id='line_1_28' title="bbox 169 3199 1341 3360; baseline 0.008 -38"><span class='ocrx_word' id='word_1_202' title='bbox 169 3226 323 3360; x_wconf 46' lang='grc' dir='ltr'><strong>,,,ξῖ,’,68’]</strong></span> <span class='ocrx_word' id='word_1_203' title='bbox 346 3229 464 3296; x_wconf 57' lang='lat' dir='ltr'><strong>Entych&#39;</strong></span> <span class='ocrx_word' id='word_1_204' title='bbox 487 3229 526 3292; x_wconf 79' lang='lat' dir='ltr'><strong>H‘</strong></span> <span class='ocrx_word' id='word_1_205' title='bbox 555 3229 595 3279; x_wconf 59' lang='grc' dir='ltr'><strong>Μ’</strong></span> <span class='ocrx_word' id='word_1_206' title='bbox 621 3243 648 3292; x_wconf 71' lang='lat' dir='ltr'><strong>p&#39;</strong></span> <span class='ocrx_word' id='word_1_207' title='bbox 674 3226 733 3278; x_wconf 52' lang='grc' dir='ltr'><strong>Μ’</strong></span> <span class='ocrx_word' id='word_1_208' title='bbox 776 3199 861 3328; x_wconf 61' lang='lat' dir='ltr'><strong>Mb&#39;rrc</strong></span> <span class='ocrx_word' id='word_1_209' title='bbox 876 3276 932 3344; x_wconf 85' lang='lat'><strong>76.]</strong></span> <span class='ocrx_word' id='word_1_210' title='bbox 952 3281 1023 3331; x_wconf 87' lang='lat' dir='ltr'><strong>Non.</strong></span> <span class='ocrx_word' id='word_1_211' title='bbox 1036 3281 1072 3344; x_wconf 89' lang='lat'><strong>11,</strong></span> <span class='ocrx_word' id='word_1_212' title='bbox 1093 3279 1153 3333; x_wconf 89' lang='grc'><strong>450.</strong></span> <span class='ocrx_word' id='word_1_213' title='bbox 1173 3298 1199 3346; x_wconf 94' lang='lat' dir='ltr'><strong>p.</strong></span> <span class='ocrx_word' id='word_1_214' title='bbox 1222 3279 1279 3343; x_wconf 83' lang='grc'><strong>127,</strong></span> <span class='ocrx_word' id='word_1_215' title='bbox 1299 3277 1341 3331; x_wconf 87' lang='grc'><strong>26.</strong></span> 
     </span>
    </p>
   </div>
   <div class='ocr_carea' id='block_1_7' title="bbox 200 3356 1126 3554">
    <p class='ocr_par' dir='ltr' id='par_1_20' title="bbox 200 3356 1305 3554">
     <span class='ocr_line' id='line_1_29' title="bbox 200 3356 1126 3554; baseline 0 -14"><span class='ocrx_word' id='word_1_216' title='bbox 200 3389 322 3554; x_wconf 65' lang='lat' dir='ltr'><strong>ulti</strong></span> <span class='ocrx_word' id='word_1_217' title='bbox 342 3391 651 3554; x_wconf 64' lang='grc'><strong>1111111111,</strong></span> <span class='ocrx_word' id='word_1_218' title='bbox 775 3356 862 3484; x_wconf 65' lang='lat' dir='ltr'><strong>Mi</strong></span> <span class='ocrx_word' id='word_1_219' title='bbox 877 3433 932 3500; x_wconf 61' lang='lat'><strong>⁷2]</strong></span> <span class='ocrx_word' id='word_1_220' title='bbox 1100 3453 1126 3502; x_wconf 60' lang='grc' dir='ltr'><strong>ν·</strong></span> 
     </span>
    </p>
   </div>
   <div class='ocr_carea' id='block_1_8' title="bbox 200 3521 1305 3674">
    <p class='ocr_par' dir='ltr' id='par_1_21' title="bbox 200 3521 1305 3674">
     <span class='ocr_line' id='line_1_30' title="bbox 200 3521 1305 3642; baseline -0.005 -16"><span class='ocrx_word' id='word_1_221' title='bbox 200 3578 246 3627; x_wconf 79' lang='lat' dir='ltr'><strong>Fr.</strong></span> <span class='ocrx_word' id='word_1_222' title='bbox 266 3575 321 3642; x_wconf 82' lang='lat'><strong>71.]</strong></span> <span class='ocrx_word' id='word_1_223' title='bbox 343 3577 424 3628; x_wconf 85' lang='lat' dir='ltr'><strong>Aras.</strong></span> <span class='ocrx_word' id='word_1_224' title='bbox 444 3594 460 3642; x_wconf 94' lang='lat' dir='ltr'><strong>p</strong></span> <span class='ocrx_word' id='word_1_225' title='bbox 490 3577 549 3628; x_wconf 91' lang='grc'><strong>265.</strong></span> <span class='ocrx_word' id='word_1_226' title='bbox 570 3576 650 3627; x_wconf 88' lang='lat' dir='ltr'><strong>Lind.</strong></span> <span class='ocrx_word' id='word_1_227' title='bbox 808 3524 853 3575; x_wconf 44' lang='grc' dir='ltr'><strong>ἢ</strong></span> <span class='ocrx_word' id='word_1_228' title='bbox 876 3521 931 3588; x_wconf 63' lang='lat'>78⁸]</span> <span class='ocrx_word' id='word_1_229' title='bbox 952 3524 1079 3622; x_wconf 44' lang='lat' dir='ltr'><strong>Amabam</strong></span> <span class='ocrx_word' id='word_1_230' title='bbox 1099 3540 1125 3590; x_wconf 65' lang='grc' dir='ltr'><strong>ρ’</strong></span> <span class='ocrx_word' id='word_1_231' title='bbox 1143 3523 1203 3574; x_wconf 56' lang='lat'><strong>262⁶</strong></span> <span class='ocrx_word' id='word_1_232' title='bbox 1225 3522 1305 3620; x_wconf 47' lang='lat' dir='ltr'><strong>Lind&#39;</strong></span> 
     </span>
     <span class='ocr_line' id='line_1_31' title="bbox 464 3606 1304 3674; baseline 0 -18"><span class='ocrx_word' id='word_1_233' title='bbox 464 3616 470 3629; x_wconf 87' lang='lat'><strong>·</strong></span> <span class='ocrx_word' id='word_1_234' title='bbox 808 3608 853 3658; x_wconf 83' lang='lat' dir='ltr'><strong>Fr.</strong></span> <span class='ocrx_word' id='word_1_235' title='bbox 875 3606 930 3674; x_wconf 83' lang='grc'><strong>79.]</strong></span> <span class='ocrx_word' id='word_1_236' title='bbox 951 3611 1079 3660; x_wconf 85' lang='lat' dir='ltr'><strong>Arusran.</strong></span> <span class='ocrx_word' id='word_1_237' title='bbox 1097 3625 1123 3673; x_wconf 93' lang='lat' dir='ltr'><strong>p.</strong></span> <span class='ocrx_word' id='word_1_238' title='bbox 1144 3609 1204 3658; x_wconf 89' lang='grc'><strong>241.</strong></span> <span class='ocrx_word' id='word_1_239' title='bbox 1223 3609 1304 3658; x_wconf 85' lang='lat' dir='ltr'><strong>Innd.</strong></span> 
     </span>
    </p>
   </div>
   <div class='ocr_carea' id='block_1_9' title="bbox 165 3670 1338 3982">
    <p class='ocr_par' dir='ltr' id='par_1_22' title="bbox 166 3670 1338 3834">
     <span class='ocr_line' id='line_1_32' title="bbox 200 3670 1338 3757; baseline -0.003 -17"><span class='ocrx_word' id='word_1_240' title='bbox 200 3675 245 3724; x_wconf 74' lang='lat' dir='ltr'><strong>Fr·</strong></span> <span class='ocrx_word' id='word_1_241' title='bbox 269 3670 446 3738; x_wconf 68' lang='lat' dir='ltr'><strong>⁷2·lD011³t·</strong></span> <span class='ocrx_word' id='word_1_242' title='bbox 469 3673 503 3723; x_wconf 71' lang='lat' dir='ltr'><strong>ad</strong></span> <span class='ocrx_word' id='word_1_243' title='bbox 527 3674 588 3724; x_wconf 72' lang='lat' dir='ltr'><strong>Ter·</strong></span> <span class='ocrx_word' id='word_1_244' title='bbox 614 3673 728 3738; x_wconf 71' lang='lat' dir='ltr'><strong>Adelph·</strong></span> <span class='ocrx_word' id='word_1_245' title='bbox 807 3693 853 3741; x_wconf 74' lang='lat' dir='ltr'><strong>rr.</strong></span> <span class='ocrx_word' id='word_1_246' title='bbox 870 3690 926 3757; x_wconf 81' lang='lat' dir='ltr'><strong>so]</strong></span> <span class='ocrx_word' id='word_1_247' title='bbox 940 3692 1046 3744; x_wconf 72' lang='lat' dir='ltr'><strong>charus.</strong></span> <span class='ocrx_word' id='word_1_248' title='bbox 1067 3691 1338 3756; x_wconf 75' lang='lat' dir='ltr'><strong>11‚1r,183.1.inc.</strong></span> 
     </span>
     <span class='ocr_line' id='line_1_33' title="bbox 166 3751 974 3834; baseline -0.005 -34"><span class='ocrx_word' id='word_1_249' title='bbox 166 3751 219 3814; x_wconf 88' lang='lat' dir='ltr'>III,</span> <span class='ocrx_word' id='word_1_250' title='bbox 239 3753 264 3813; x_wconf 82' lang='grc'><strong>2,</strong></span> <span class='ocrx_word' id='word_1_251' title='bbox 284 3751 327 3800; x_wconf 86' lang='grc'><strong>21.</strong></span> <span class='ocrx_word' id='word_1_252' title='bbox 773 3768 810 3833; x_wconf 70' lang='lat' dir='ltr'><strong>(p⁸</strong></span> <span class='ocrx_word' id='word_1_253' title='bbox 832 3769 890 3820; x_wconf 42' lang='lat'>191¹</span> <span class='ocrx_word' id='word_1_254' title='bbox 910 3768 974 3834; x_wconf 83' lang='lat' dir='ltr'><strong>P·)·</strong></span> 
     </span>
    </p>

    <p class='ocr_par' dir='ltr' id='par_1_23' title="bbox 165 3839 1338 3982">
     <span class='ocr_line' id='line_1_34' title="bbox 202 3839 1338 3910; baseline -0.003 -17"><span class='ocrx_word' id='word_1_255' title='bbox 202 3845 249 3895; x_wconf 77' lang='lat' dir='ltr'><strong>Fr.</strong></span> <span class='ocrx_word' id='word_1_256' title='bbox 278 3840 332 3908; x_wconf 82' lang='grc'><strong>73.]</strong></span> <span class='ocrx_word' id='word_1_257' title='bbox 357 3842 490 3893; x_wconf 78' lang='lat' dir='ltr'><strong>Priscian.</strong></span> <span class='ocrx_word' id='word_1_258' title='bbox 519 3840 553 3903; x_wconf 87' lang='lat' dir='ltr'><strong>X,</strong></span> <span class='ocrx_word' id='word_1_259' title='bbox 582 3839 607 3904; x_wconf 88' lang='lat'><strong>3,</strong></span> <span class='ocrx_word' id='word_1_260' title='bbox 629 3840 670 3890; x_wconf 85' lang='lat'><strong>19.</strong></span> <span class='ocrx_word' id='word_1_261' title='bbox 699 3855 727 3903; x_wconf 84' lang='lat' dir='ltr'><strong>p·</strong></span> <span class='ocrx_word' id='word_1_262' title='bbox 806 3845 853 3894; x_wconf 82' lang='lat' dir='ltr'><strong>Fr.</strong></span> <span class='ocrx_word' id='word_1_263' title='bbox 875 3842 930 3910; x_wconf 85' lang='lat'><strong>81.]</strong></span> <span class='ocrx_word' id='word_1_264' title='bbox 957 3846 1028 3895; x_wconf 86' lang='lat' dir='ltr'><strong>Non.</strong></span> <span class='ocrx_word' id='word_1_265' title='bbox 1053 3845 1087 3906; x_wconf 87' lang='lat' dir='ltr'><strong>X,</strong></span> <span class='ocrx_word' id='word_1_266' title='bbox 1112 3846 1136 3894; x_wconf 80' lang='grc'><strong>2.</strong></span> <span class='ocrx_word' id='word_1_267' title='bbox 1162 3859 1188 3907; x_wconf 86' lang='lat' dir='ltr'><strong>p·</strong></span> <span class='ocrx_word' id='word_1_268' title='bbox 1214 3841 1274 3905; x_wconf 81' lang='lat'>503,</span> <span class='ocrx_word' id='word_1_269' title='bbox 1295 3842 1338 3893; x_wconf 83' lang='grc'><strong>32.</strong></span> 
     </span>
     <span class='ocr_line' id='line_1_35' title="bbox 165 3920 1338 3982; baseline -0.003 -10"><span class='ocrx_word' id='word_1_270' title='bbox 165 3920 226 3972; x_wconf 86' lang='grc'><strong>486.</strong></span> <span class='ocrx_word' id='word_1_271' title='bbox 244 3921 293 3970; x_wconf 83' lang='lat' dir='ltr'><strong>Kr.</strong></span> <span class='ocrx_word' id='word_1_272' title='bbox 771 3923 856 3972; x_wconf 87' lang='lat' dir='ltr'><strong>Mero.</strong></span> <span class='ocrx_word' id='word_1_273' title='bbox 875 3949 910 3957; x_wconf 94' lang='lat'><em>-</em></span> <span class='ocrx_word' id='word_1_274' title='bbox 925 3922 1044 3982; x_wconf 85' lang='lat' dir='ltr'><strong>Dubium,</strong></span> <span class='ocrx_word' id='word_1_275' title='bbox 1065 3938 1098 3970; x_wconf 86' lang='lat' dir='ltr'><strong>un</strong></span> <span class='ocrx_word' id='word_1_276' title='bbox 1117 3922 1199 3970; x_wconf 83' lang='lat' dir='ltr'><strong>insula</strong></span> <span class='ocrx_word' id='word_1_277' title='bbox 1213 3921 1259 3978; x_wconf 83' lang='lat' dir='ltr'><strong>ait,</strong></span> <span class='ocrx_word' id='word_1_278' title='bbox 1279 3921 1298 3968; x_wconf 90' lang='lat' dir='ltr'><strong>i.</strong></span> <span class='ocrx_word' id='word_1_279' title='bbox 1314 3934 1338 3968; x_wconf 92' lang='lat' dir='ltr'><strong>e.</strong></span> 
     </span>
    </p>
   </div>
   <div class='ocr_carea' id='block_1_10' title="bbox 166 3998 1337 4156">
    <p class='ocr_par' dir='ltr' id='par_1_24' title="bbox 166 3998 1337 4156">
     <span class='ocr_line' id='line_1_36' title="bbox 200 3998 1229 4077; baseline -0.022 -10"><span class='ocrx_word' id='word_1_280' title='bbox 200 4018 302 4068; x_wconf 74' lang='lat' dir='ltr'><strong>ioannis</strong></span> <span class='ocrx_word' id='word_1_281' title='bbox 317 4029 352 4064; x_wconf 77' lang='lat' dir='ltr'><strong>ex</strong></span> <span class='ocrx_word' id='word_1_282' title='bbox 361 4008 470 4077; x_wconf 86' lang='lat' dir='ltr'><strong>proelio]</strong></span> <span class='ocrx_word' id='word_1_283' title='bbox 488 4009 507 4059; x_wconf 93' lang='lat' dir='ltr'><strong>i.</strong></span> <span class='ocrx_word' id='word_1_284' title='bbox 523 4025 547 4059; x_wconf 86' lang='lat' dir='ltr'><strong>e.</strong></span> <span class='ocrx_word' id='word_1_285' title='bbox 565 4011 608 4072; x_wconf 81' lang='lat' dir='ltr'><strong>qui</strong></span> <span class='ocrx_word' id='word_1_286' title='bbox 622 4010 676 4058; x_wconf 78' lang='lat' dir='ltr'><strong>sine</strong></span> <span class='ocrx_word' id='word_1_287' title='bbox 687 4025 731 4057; x_wconf 81' lang='lat' dir='ltr'><strong>ar·</strong></span> <span class='ocrx_word' id='word_1_288' title='bbox 771 4015 853 4063; x_wconf 85' lang='lat' dir='ltr'><strong>paene</strong></span> <span class='ocrx_word' id='word_1_289' title='bbox 866 4014 916 4062; x_wconf 86' lang='lat' dir='ltr'><strong>pro</strong></span> <span class='ocrx_word' id='word_1_290' title='bbox 933 4000 1017 4050; x_wconf 68' lang='lat' dir='ltr'><strong>torsula</strong></span> <span class='ocrx_word' id='word_1_291' title='bbox 1035 3998 1124 4048; x_wconf 83' lang='lat' dir='ltr'><strong>baberi</strong></span> <span class='ocrx_word' id='word_1_292' title='bbox 1137 3999 1229 4062; x_wconf 82' lang='lat' dir='ltr'><strong>possit.</strong></span> 
     </span>
     <span class='ocr_line' id='line_1_37' title="bbox 166 4079 1337 4156; baseline -0.009 -17"><span class='ocrx_word' id='word_1_293' title='bbox 166 4098 225 4156; x_wconf 81' lang='lat' dir='ltr'><strong>uria,</strong></span> <span class='ocrx_word' id='word_1_294' title='bbox 244 4092 288 4144; x_wconf 87' lang='lat' dir='ltr'><strong>val</strong></span> <span class='ocrx_word' id='word_1_295' title='bbox 301 4094 378 4143; x_wconf 79' lang='lat' dir='ltr'><strong>armr&#39;a</strong></span> <span class='ocrx_word' id='word_1_296' title='bbox 390 4089 510 4147; x_wconf 77' lang='lat' dir='ltr'><strong>abiectis,</strong></span> <span class='ocrx_word' id='word_1_297' title='bbox 530 4101 564 4135; x_wconf 80' lang='lat' dir='ltr'><strong>eae</strong></span> <span class='ocrx_word' id='word_1_298' title='bbox 577 4088 676 4149; x_wconf 84' lang='lat' dir='ltr'><strong>proelio</strong></span> <span class='ocrx_word' id='word_1_299' title='bbox 691 4103 734 4136; x_wconf 84' lang='lat' dir='ltr'><strong>rc·</strong></span> <span class='ocrx_word' id='word_1_300' title='bbox 808 4086 853 4134; x_wconf 85' lang='lat' dir='ltr'><strong>Fr.</strong></span> <span class='ocrx_word' id='word_1_301' title='bbox 864 4082 921 4150; x_wconf 77' lang='grc'><strong>82]</strong></span> <span class='ocrx_word' id='word_1_302' title='bbox 937 4085 1055 4135; x_wconf 74' lang='lat' dir='ltr'><strong>Sermad</strong></span> <span class='ocrx_word' id='word_1_303' title='bbox 1070 4085 1146 4150; x_wconf 86' lang='lat' dir='ltr'><strong>Virg.</strong></span> <span class='ocrx_word' id='word_1_304' title='bbox 1159 4084 1226 4134; x_wconf 82' lang='lat' dir='ltr'><strong>Aen.</strong></span> <span class='ocrx_word' id='word_1_305' title='bbox 1240 4082 1263 4144; x_wconf 88' lang='lat'><strong>1,</strong></span> <span class='ocrx_word' id='word_1_306' title='bbox 1276 4079 1337 4130; x_wconf 87' lang='grc'><strong>423.</strong></span> 
     </span>
    </p>
   </div>
   <div class='ocr_carea' id='block_1_11' title="bbox 166 4165 1303 4234">
    <p class='ocr_par' dir='ltr' id='par_1_25' title="bbox 166 4165 1303 4234">
     <span class='ocr_line' id='line_1_38' title="bbox 166 4165 1303 4234; baseline -0.004 -14"><span class='ocrx_word' id='word_1_307' title='bbox 166 4170 271 4221; x_wconf 79' lang='lat' dir='ltr'><strong>dissent.</strong></span> <span class='ocrx_word' id='word_1_308' title='bbox 808 4172 854 4221; x_wconf 83' lang='lat' dir='ltr'><strong>Fr.</strong></span> <span class='ocrx_word' id='word_1_309' title='bbox 874 4168 930 4234; x_wconf 87' lang='lat'><strong>83.]</strong></span> <span class='ocrx_word' id='word_1_310' title='bbox 950 4171 1080 4220; x_wconf 86' lang='lat' dir='ltr'><strong>Arusian.</strong></span> <span class='ocrx_word' id='word_1_311' title='bbox 1097 4185 1123 4234; x_wconf 87' lang='lat' dir='ltr'><strong>p.</strong></span> <span class='ocrx_word' id='word_1_312' title='bbox 1142 4168 1203 4219; x_wconf 88' lang='grc'><strong>256.</strong></span> <span class='ocrx_word' id='word_1_313' title='bbox 1222 4165 1303 4218; x_wconf 83' lang='lat' dir='ltr'><strong>Lind.</strong></span> 
     </span>
    </p>
   </div>
   <div class='ocr_carea' id='block_1_12' title="bbox 162 4244 1337 4407">
    <p class='ocr_par' dir='ltr' id='par_1_26' title="bbox 162 4244 1337 4407">
     <span class='ocr_line' id='line_1_39' title="bbox 198 4244 1337 4330; baseline -0.013 -15"><span class='ocrx_word' id='word_1_314' title='bbox 198 4263 277 4330; x_wconf 79' lang='lat' dir='ltr'><strong>uiroc]</strong></span> <span class='ocrx_word' id='word_1_315' title='bbox 301 4262 470 4328; x_wconf 80' lang='lat' dir='ltr'><strong>Praegnanti</strong></span> <span class='ocrx_word' id='word_1_316' title='bbox 493 4273 576 4310; x_wconf 85' lang='lat' dir='ltr'><strong>sensu</strong></span> <span class='ocrx_word' id='word_1_317' title='bbox 602 4261 644 4307; x_wconf 86' lang='lat' dir='ltr'><strong>est</strong></span> <span class='ocrx_word' id='word_1_318' title='bbox 663 4259 732 4306; x_wconf 85' lang='lat' dir='ltr'><strong>uiros</strong></span> <span class='ocrx_word' id='word_1_319' title='bbox 807 4259 855 4307; x_wconf 83' lang='lat' dir='ltr'><strong>Fr.</strong></span> <span class='ocrx_word' id='word_1_320' title='bbox 874 4254 929 4321; x_wconf 73' lang='grc'><strong>84]</strong></span> <span class='ocrx_word' id='word_1_321' title='bbox 955 4256 1088 4307; x_wconf 88' lang='lat' dir='ltr'><strong>Priscian.</strong></span> <span class='ocrx_word' id='word_1_322' title='bbox 1113 4254 1162 4316; x_wconf 88' lang='lat' dir='ltr'><strong>VI,</strong></span> <span class='ocrx_word' id='word_1_323' title='bbox 1183 4253 1223 4315; x_wconf 87' lang='grc'><strong>11,</strong></span> <span class='ocrx_word' id='word_1_324' title='bbox 1247 4244 1290 4303; x_wconf 84' lang='lat' dir='ltr'><strong>bl.</strong></span> <span class='ocrx_word' id='word_1_325' title='bbox 1310 4267 1337 4315; x_wconf 93' lang='lat' dir='ltr'><strong>p.</strong></span> 
     </span>
     <span class='ocr_line' id='line_1_40' title="bbox 162 4333 902 4407; baseline -0.014 -15"><span class='ocrx_word' id='word_1_326' title='bbox 162 4343 246 4407; x_wconf 73' lang='lat' dir='ltr'><strong>fortes</strong></span> <span class='ocrx_word' id='word_1_327' title='bbox 260 4357 291 4390; x_wconf 86' lang='lat' dir='ltr'><strong>nc</strong></span> <span class='ocrx_word' id='word_1_328' title='bbox 307 4351 437 4397; x_wconf 54' lang='lat' dir='ltr'><strong>strenuom·</strong></span> <span class='ocrx_word' id='word_1_329' title='bbox 458 4339 493 4390; x_wconf 90' lang='lat' dir='ltr'><strong>of.</strong></span> <span class='ocrx_word' id='word_1_330' title='bbox 508 4339 568 4390; x_wconf 77' lang='lat' dir='ltr'><strong>cot.</strong></span> <span class='ocrx_word' id='word_1_331' title='bbox 583 4335 625 4399; x_wconf 79' lang='lat'><strong>40,</strong></span> <span class='ocrx_word' id='word_1_332' title='bbox 639 4334 664 4385; x_wconf 89' lang='grc'><strong>3.</strong></span> <span class='ocrx_word' id='word_1_333' title='bbox 686 4333 733 4383; x_wconf 72' lang='lat' dir='ltr'><strong>(le-</strong></span> <span class='ocrx_word' id='word_1_334' title='bbox 775 4334 834 4385; x_wconf 84' lang='grc'><strong>258.</strong></span> <span class='ocrx_word' id='word_1_335' title='bbox 854 4334 902 4384; x_wconf 89' lang='lat' dir='ltr'><strong>Kr.</strong></span> 
     </span>
    </p>
   </div>
   <div class='ocr_carea' id='block_1_13' title="bbox 233 4417 1130 4486">
    <p class='ocr_par' dir='ltr' id='par_1_27' title="bbox 233 4417 1130 4486">
     <span class='ocr_line' id='line_1_41' title="bbox 233 4417 1130 4486; baseline -0.01 0"><span class='ocrx_word' id='word_1_336' title='bbox 233 4443 388 4486; x_wconf 78' lang='lat' dir='ltr'><strong>annuusr.</strong></span> <span class='ocrx_word' id='word_1_337' title='bbox 1093 4417 1130 4477; x_wconf 88' lang='grc'><strong>19</strong></span> 
     </span>
    </p>
   </div>
   <div class='ocr_carea' id='block_1_14' title="bbox 0 0 1550 4850">
    <p class='ocr_par' dir='ltr' id='par_1_28' title="bbox 0 0 1550 4850">
     <span class='ocr_line' id='line_1_42' title="bbox 0 0 1550 4850; baseline 0 3"><span class='ocrx_word' id='word_1_338' title='bbox 0 0 1550 4850; x_wconf 95' lang='lat' dir='ltr'><strong> </strong></span> 
     </span>
    </p>
   </div>
  </div>
 </body>
</html>
