3092 4850
170 281 231 346 252
579 294 610 342 c.
632 293 800 342 succussi
823 293 935 344 censer

254 454 305 516 28.
329 454 421 530 Quum
445 470 512 514 arae
542 460 571 512 et
592 451 647 514 alia
669 450 720 512 dis
748 460 861 512 sacrata
885 451 1049 532 supplicum
1079 453 1220 530 sanguiue
1243 453 1349 515 foeda-

169 573 278 624 rentur.

255 656 398 736 sainte
424 683 505 734 ortus
533 692 646 752 sermo,
679 673 917 754 percontantibus
944 675 1094 751 utrinque:
1126 675 1209 736 satin'
1240 674 1348 736 salve?

171 804 254 864 quam
277 788 353 864 grati
375 785 497 847 ducibus
517 784 596 846 suis?
619 785 732 864 quantis
751 783 940 844 familiaribus
964 787 1058 864 copiis
1080 784 1222 864 agerent?

255 897 305 960 30.
330 896 418 958 Cuius
440 897 566 958 advorsa
586 895 734 956 voluntate
756 894 906 973 colloquio
929 896 1066 957 militibus
1092 897 1254 977 permisso,
1279 915 1347 957 cor-

111 1052 114 1057 ·
169 1011 265 1089 ruptio
289 1010 365 1070 lacta
388 1026 560 1088 paucorum,
588 1016 617 1068 et
640 1005 788 1066 exercitus
810 1005 909 1066 Sullae
932 1005 1015 1067 datus
1037 1016 1091 1068 est.

256 1121 306 1182 31.
333 1119 385 1182 (lui
407 1122 460 1181 nisi
484 1121 597 1202 pariter.
616 1117 730 1178 obviam
752 1116 850 1176 iretur.

200 1282 206 1296 .
255 1233 306 1294 32.
329 1233 435 1295 blarius
455 1233 542 1291 invita
562 1238 652 1289 matre
676 1227 746 1288 lulia
771 1227 895 1307 adeptus
918 1237 962 1288 est
987 1229 1181 1307 consulatum,
1208 1228 1260 1308 [de
1283 1249 1346 1311 pao

169 1342 339 1404 Sallustius
360 1342 516 1419 meminitl.

256 1454 306 1514 33.
332 1453 420 1532 Apud
439 1452 597 1512 Praeneste
619 1451 743 1510 locatus.

256 1563 306 1624 34.
328 1563 365 1623 Et
384 1563 492 1623 illarius
514 1563 607 1621 victus
629 1559 830 1639 duplicaverat
851 1560 969 1620 bellum.

255 1676 306 1737 35.
331 1673 426 1735 Carbo
446 1674 523 1750 turpi
545 1670 698 1731 formidine
719 1669 828 1729 ltaliam
851 1680 937 1749 atque
961 1673 1121 1732 exercitum
1145 1672 1282 1733 deseruit.

256 1785 306 1848 36.
331 1785 369 1847 Ut
392 1784 500 1845 Sullani
523 1783 621 1861 lugam
642 1783 670 1840 in
691 1790 805 1841 noctem
830 1793 1049 1861 componerent.

172 1975 321 2026 Samnitico
334 1990 414 2040 quam
428 1973 567 2024 celerrime
584 1971 661 2022 finito
674 1970 735 2020 urbi
777 1973 807 2033 2,
829 1970 868 2020 12.
889 1972 1053 2023 Pronomine
1071 1974 1241 2040 significatur
1253 1974 1342 2033 Solia,-

171 2053 273 2103 auxilio
285 2053 391 2114 venire,
410 2069 437 2101 v.
452 2051 486 2100 ad
500 2053 545 2101 Fr.
559 2050 734 2115 praecedens.
777 2050 861 2099 verba
879 2050 939 2115 ipsa
957 2056 1021 2101 sunt
1038 2052 1161 2118 Sertorii,
1180 2056 1239 2120 qul,
1259 2071 1341 2120 quum

97 2147 101 2152 ·
173 2135 236 2184 Dio.
255 2133 330 2184 Cass.
344 2134 452 2196 Fragm.
467 2131 560 2180 Ursin.
577 2129 635 2183 166.
649 2146 675 2194 p.
691 2129 733 2180 70.
777 2127 807 2178 Ο.
826 2129 943 2191 Marius,
963 2128 993 2179 C.
1012 2132 1094 2181 Marii
1112 2133 1142 2196 f,
1159 2133 1188 2182 in
1207 2149 1230 2182 a.
1249 2134 1292 2185 82.
1314 2150 1339 2184 a.

171 2213 258 2262 Reim.
283 2209 323 2259 Id.
342 2210 379 2262 ib.
398 2211 443 2259 Fr.
460 2209 518 2258 172.
537 2223 562 2272 p.
584 2207 733 2257 72.-De-
778 2205 839 2254 Chr.
870 2207 965 2256 consul
993 2209 1083 2259 taetus
1111 2214 1196 2272 esset,
1230 2225 1340 2262 suarum

170 2293 266 2338 strueret
282 2287 370 2346 verbi,
396 2284 468 2349 quod
488 2283 632 2333 transitivo
652 2298 734 2332 sensu
776 2285 894 2349 partium
909 2287 1051 2350 segnitiem
1062 2289 1193 2339 incusans
1210 2291 1339 2354 ostendit,

171 2364 246 2415 valet
269 2364 396 2423 omittere,
420 2363 560 2424 deponere,
583 2361 733 2411 subiectum
777 2367 908 2426 quantum
937 2380 953 2414 a
980 2365 1056 2418 Sulla
1082 2368 1231 2418 timendum
1258 2375 1339 2433 esset,

172 2446 213 2493 est
231 2440 359 2489 Metellus.
775 2440 828 2489 nisi
852 2440 877 2489 ei
898 2446 1013 2505 pariter,
1044 2445 1063 2493 i.
1088 2462 1111 2494 e.
1137 2449 1224 2496 eadem
1248 2450 1340 2499 uirtute

206 2528 252 2577 Fr.
271 2522 327 2588 26]
353 2523 431 2576 Serv.
451 2522 485 2572 ad
507 2523 584 2586 Virg.
604 2519 672 2571 Aen.
692 2521 732 2582 ΙΙ,
777 2527 853 2588 atque
871 2521 1012 2588 industria,
1031 2540 1079 2587 quo
1093 2526 1135 2574 ille
1148 2525 1271 2586 utebatur,
1292 2527 1339 2576 ob-

173 2607 232 2657 502.
246 2603 370 2654 Pertinet
379 2603 490 2666 Fragm,
500 2601 733 2652 adcommemora·
774 2596 848 2645 viam
875 2596 974 2660 iratum
1010 2599 1045 2650 cf.
1074 2601 1125 2650 Iul.
1154 2603 1336 2668 Exsuperant.

170 2685 272 2734 tionem
297 2680 394 2732 foedae
417 2681 586 2731 crudelitatis
613 2698 630 2731 a
647 2681 734 2732 Cinna
776 2689 800 2724 0·
821 2672 847 2722 8·

172 2767 199 2813 et
216 2762 319 2825 Mario,
338 2765 483 2826 postquam
495 2760 523 2809 iu
539 2760 633 2810 urbem
649 2762 734 2812 redie-
809 2761 855 2811 Fr.
876 2757 930 2825 32.]
952 2760 1041 2811 Schol.
1058 2762 1093 2813 ad
1105 2764 1209 2816 Lucan.
1223 2766 1261 2828 II,
1280 2763 1337 2814 134.

171 2847 247 2905 runt,
279 2841 429 2897 exercitam
463 2840 498 2890 cf.
524 2839 594 2891 Vell.
620 2842 663 2906 11,
688 2845 732 2905 22,
775 2840 878 2890 Marius
893 2843 935 2888 est
945 2839 975 2889 (t.
986 2839 1066 2889 Marii
1077 2842 1179 2905 septies
1192 2858 1248 2892 cos.
1262 2845 1338 2906 filias.

173 2923 196 2972 1.
219 2919 292 2970 Flor.
316 2919 374 2982 ΙΙΙ,
400 2919 449 2981 21,
473 2918 513 2971 lo.
534 2920 679 2986 Augustin.
701 2920 731 2973 O.
775 2920 888 2969 Praeter
915 2918 1074 2969 Sallustium
1100 2935 1159 2971 eam
1181 2937 1238 2972 rem
1265 2922 1338 2973 solus

171 3002 206 3050 D.
226 2999 284 3060 ΙΙΙ,
304 2997 346 3047 27.
776 3000 907 3047 memorat
940 2997 1004 3046 Aur.
1036 2998 1131 3048 Victor
1158 3000 1191 3050 de
1218 3003 1269 3054 vir.
1297 3003 1336 3057 ill.

206 3093 252 3141 Fr.
272 3088 327 3155 26]
352 3092 454 3142 Donat.
474 3090 508 3140 ad
526 3091 588 3142 Ter.
609 3093 679 3141 Eun.
699 3094 732 3156 V,
777 3091 800 3126 θ·
820 3073 869 3136 68,
890 3075 914 3126 Ῑ·
964 3149 968 3157 ,

171 3171 204 3234 5,
225 3171 249 3220 8.
270 3169 373 3217 Mentio
393 3173 435 3218 est
455 3167 487 3217 de
508 3170 676 3219 sermonibus
695 3170 734 3220 in·
810 3165 856 3212 Fr.
883 3161 939 3227 33.]
962 3163 1097 3222 Priscian.
1119 3164 1182 3228 XV,
1209 3169 1240 3228 2,
1266 3169 1291 3218 9,
1311 3184 1338 3233 p,

75 3250 80 3260 '
171 3252 212 3298 ter
231 3247 366 3295 exercitus
385 3245 521 3309 Scipionis
539 3251 567 3295 et
580 3247 679 3309 Sullae,
699 3248 734 3297 ad
777 3241 836 3292 618.
857 3243 905 3293 Kr.
925 3240 1015 3290 Verba
1031 3241 1210 3308 intelligenda
1225 3250 1289 3294 sunt
1307 3245 1340 3298 de

173 3327 295 3374 Teanum
314 3341 339 3374 a.
358 3323 401 3374 83.
417 3339 441 3372 a.
463 3323 524 3376 (thr.
543 3340 570 3373 n.
586 3325 734 3378 exadverso
777 3321 804 3370 C.
825 3319 913 3369 Morio
934 3322 997 3381 post
1017 3317 1121 3368 cladem
1144 3321 1179 3371 ad
1200 3322 1340 3389 Sacripor·

172 3401 334 3461 collocatos,
353 3401 469 3460 habitis;
489 3401 524 3452 cf,
546 3400 686 3452 Plutarch.
706 3406 734 3453 in
777 3402 833 3448 turn
844 3399 993 3447 Praeneste
1005 3398 1142 3460 compulso
1158 3404 1185 3449 et
1200 3402 1234 3450 ab
1245 3401 1338 3452 Ofella

171 3479 248 3531 Sulla
271 3495 295 3527 c.
319 3479 361 3528 28.
387 3479 503 3542 Appian.
525 3481 559 3532 Β.
579 3481 609 3530 C.
635 3481 663 3544 Ι,
689 3484 731 3534 85.
778 3477 904 3537 cbsesso;
922 3475 1039 3526 es.Vell.
1058 3475 1096 3537 II,
1115 3477 1157 3539 27,
1177 3477 1202 3529 6.
1221 3479 1337 3545 Appiam.

171 3557 241 3611 Vell.
260 3555 303 3618 ΙΙ,
320 3556 368 3619 25,
387 3557 411 3606 2.
777 3555 810 3604 de
829 3555 861 3604 B.
882 3553 911 3604 O.
930 3554 959 3616 1,
978 3555 1021 3605 88.

205 3654 250 3704 Fr.
272 3647 327 3715 36.]
348 3651 449 3700 Donat.
468 3650 502 3700 ad
514 3652 576 3704 Ter.
592 3654 662 3702 Eun.
681 3652 734 3717 III,
811 3647 932 3714 Fran]
959 3649 1035 3700 Serv.
1056 3649 1091 3698 ad
1113 3651 1189 3715 Virg.
1214 3652 1274 3703 Eol.
1298 3653 1337 3715 II,

171 3730 255 3796 2,13.
275 3729 398 3779 Pertinet
412 3729 606 3794 Fragmentum
620 3731 655 3781 ad
670 3747 734 3782 ean·
777 3727 819 3777 67.
840 3726 941 3776 Sensus
960 3731 1015 3776 est:
1039 3727 1128 3776 Mario
1146 3728 1219 3777 victo
1239 3729 1337 3780 bellum

172 3812 232 3862 dem
251 3823 308 3858 rem
325 3809 544 3872 utpraecedens.
575 3811 669 3860 Coitae
686 3814 734 3862 nct-
776 3804 962 3854 vehementius
981 3811 1130 3856 exarserat.
1160 3808 1267 3874 Quippe
1279 3811 1338 3861 Sut-

170 3905 246 3942 vorga
269 3883 408 3950 voluntate,
437 3886 456 3936 i.
482 3902 506 3937 e.
534 3903 582 3952 quo
608 3890 682 3938 invito
711 3897 736 3939 et
775 3883 818 3932 lue
837 3884 967 3933 atrocitas
985 3882 1084 3931 multos
1103 3883 1138 3932 ad
1157 3885 1225 3935 iram
1242 3892 1269 3938 et
1292 3904 1338 3939 no-

169 3966 346 4026 dissuadtnte,
375 3963 582 4030 intelligendum
610 3965 642 4015 de
673 3966 734 4016 Ser·
775 3977 837 4010 vam
854 3975 971 4025 pugnam
991 3960 1157 4010 concitabat.

170 4044 256 4106 borio,
289 4041 389 4092 milltes
417 4043 552 4107 Scipionis
586 4053 613 4092 et
641 4044 733 4094 Sullae
809 4056 855 4105 Fr,
874 4051 927 4118 35]
954 4054 1029 4104 Serv.
1054 4055 1089 4104 ad
1113 4057 1189 4120 Virg.
1210 4057 1278 4108 Aen,
1299 4059 1336 4122 II·¹

169 4121 240 4171 iuter
263 4137 292 4171 se
314 4119 433 4186 colloqui
457 4121 578 4182 nolente;
607 4121 643 4170 ci.
668 4121 732 4170 Plu·
774 4130 835 4181 400,
858 4132 900 4180 De
919 4132 1048 4195 carbone,
1073 4134 1259 4185 Marianarum
1277 4151 1338 4201 par.

170 4195 257 4248 tarch.
286 4198 314 4246 in
338 4196 409 4248 Sert.
435 4214 458 4248 c.
482 4198 508 4249 6.
534 4200 586 4250 Iul.
610 4201 732 4264 Exsupe·
774 4211 842 4259 tium
865 4209 946 4271 duee,
971 4211 1016 4274 qui
1042 4225 1067 4261 a.
1087 4211 1130 4262 82.
1152 4227 1177 4262 a.
1198 4213 1278 4274 cnr„
1303 4212 1337 4262 dc

171 4278 243 4323 rant·
261 4289 285 4323 0·
306 4276 346 4323 7·⁴
774 4289 854 4338 rebus
885 4289 942 4338 suis
970 4288 1131 4351 desperans,
1160 4290 1188 4338 in
1214 4290 1335 4341 Africam

205 4361 251 4410 Fr.
270 4358 325 4422 31.]
348 4362 449 4410 Donat.
473 4361 509 4411 ad
535 4364 597 4416 Ter.
618 4365 688 4413 Eun.
708 4365 730 4427 1,
773 4367 896 4430 aufugit,
920 4365 954 4415 cl.
980 4365 1095 4430 Appian.
1120 4367 1153 4416 Β.
1181 4365 1211 4416 O.
1237 4369 1267 4430 1,
1291 4368 1351 4448 92.
1427 4429 1430 4436 Ι
