3092 4850
300 277 543 326 msuoarnsuu
565 277 793 326 rnnausurn.
829 279 898 326 ure.
921 278 972 330 111.
1006 278 1061 326 sa.
1084 273 1199 328 (ιο-71.
1276 267 1337 330 303

198 440 278 486 tecue
295 436 324 485 in
341 435 493 486 Lucaniam
510 451 539 486 se
556 434 667 502 recipit,
683 461 716 470 -
734 433 845 484 Lentuli
862 449 955 502 pugna
972 452 1033 487 cnm
1053 436 1187 502 fugitivis.
1204 463 1238 473 —-
1259 437 1340 503 Spar·

199 526 278 572 tacus
297 521 414 572 Galliam
431 521 592 588 cisalpinam
609 521 688 587 petit.

250 685 301 744 117.
325 683 375 743 Sin
398 684 443 744 vis
467 682 604 762 obsistat,
623 683 704 744 lerro
727 702 811 762 quarn
834 684 911 745 fame
934 685 1057 762 aequius
1077 684 1232 764 perituros.

249 791 300 854 68.
324 794 439 855 Exuant
462 794 549 854 armis
570 796 722 873 equisque.

250 905 300 966 69.
324 904 431 964 Locum
449 904 570 981 nullum,
592 905 647 963 nisi
665 923 722 984 quo
741 903 842 963 armati
861 904 1048 981 institissent,
1067 903 1140 984 ipsis
1158 912 1246 965 tutum
1262 906 1337 966 lore.

250 1017 300 1076 70.
325 1017 406 1091 Quae
428 1017 470 1076 ois
493 1033 604 1095 paucos
628 1015 691 1075 dies
712 1015 807 1073 iuncta
830 1014 859 1072 in
881 1014 967 1074 armis
988 1023 1062 1074 sunt.

251 1127 300 1186 71.
323 1125 396 1186 Dum
420 1124 566 1206 paullatim
596 1126 654 1185 suis
684 1125 807 1183 invicem
831 1124 1019 1202 subveniunt,
1049 1143 1149 1185 ornnes
1177 1127 1204 1186 in
1231 1126 1339 1186 bellurn

165 1237 261 1297 ooaoti
283 1249 357 1298 sunt.

251 1349 301 1408 72.
326 1349 415 1409 Simul
437 1349 567 1408 immanis
591 1346 735 1406 hominum
761 1345 804 1404 ris
825 1343 921 1405 multis
947 1344 1057 1404 eloris
1080 1347 1215 1406 invasere
1239 1357 1338 1428 paten-

167 1457 203 1516 tis
227 1467 283 1518 turn
308 1469 336 1518 et
361 1461 443 1539 pacis
464 1459 551 1519 modo
572 1458 680 1518 eliusas
702 1453 800 1516 urbis.

252 1569 302 1630 73.
326 1570 382 1645 Qui
403 1570 482 1630 nullo
505 1578 586 1629 certo
607 1568 695 1628 exilio
717 1565 907 1644 vagabantur.

252 1681 302 1740 74.
327 1679 457 1759 Aperlae
480 1688 598 1759 portae,
621 1678 735 1758 repleta
757 1695 826 1737 arva
848 1675 1017 1736 cultoribus.

253 1791 303 1850 75.
328 1789 479 1851 Cossinius
499 1791 526 1849 in
549 1807 690 1869 proxuma
708 1788 777 1848 villu
798 1787 879 1847 fonte
903 1785 1062 1848 lavabatur.

252 1902 302 1962 76.
322 1901 456 1963 Incidere
478 1903 506 1961 in
528 1900 654 1962 colonos
677 1898 840 1958 Avellanos
860 1898 1053 1976 praesidentis
1073 1918 1163 1978 agros
1186 1879 1265 1960 suos.

166 2090 276 2151 parent;
296 2088 333 2139 cf.
348 2087 489 2140 Plutar'eh.
502 2089 531 2138 in
544 2087 644 2138 Crasso
663 2102 687 2138 a.
700 2083 725 2136 9.
770 2085 843 2134 Hist.
868 2085 916 2136 Fr.
941 2085 965 2146 Ι,
994 2086 1037 2151 49,
1059 2088 1101 2140 12.
1120 2092 1148 2140 et
1170 2091 1214 2140 24.
1238 2089 1260 2154 Ι,
1283 2088 1337 2155 54.)

167 2165 283 2228 Appiae.
302 2167 335 2216 B.
355 2166 385 2215 C.
404 2167 427 2228 Ι,
447 2166 506 2217 116.
527 2166 586 2217 117.
772 2167 820 2212 aut
837 2162 951 2212 civitate
971 2164 1052 2214 eiecti
1071 2170 1163 2230 erant,
1189 2166 1338 2231 dequibus

202 2242 248 2293 Fr.
272 2241 327 2308 (19.1
354 2244 481 2294 Arusian.
508 2259 535 2310 p.
562 2243 623 2294 237.
647 2241 728 2294 Lind.
773 2257 799 2292 v.
820 2242 866 2290 Fr.
887 2257 928 2307 sq.

167 2319 258 2371 Verba
283 2324 347 2370 sunt
371 2337 405 2371 ex
430 2319 523 2372 eadem
548 2322 675 2387 Spartaci
694 2319 730 2370 ad
806 2320 917 2381 pateatis
934 2305 993 2384 tura]
1007 2322 1050 2372 Ex
1064 2329 1113 2370 tum
1128 2321 1262 2386 particula
1273 2337 1338 2373 con-

168 2413 231 2448 suos
257 2398 396 2461 oratione,
426 2404 458 2449 ut
484 2401 594 2465 Fragm.
622 2412 732 2464 praece·
772 2396 874 2461 iieitur,
891 2403 996 2462 postea,
1016 2398 1149 2449 seditione
1166 2399 1337 2466 pervulgata,

167 2477 249 2540 deus,
271 2491 339 2542 qua,
364 2483 495 2544 qnantum
513 2479 634 2544 ipsorum
650 2479 731 2528 inter·
774 2475 876 2526 clausis
896 2476 976 2526 urbes
995 2478 1084 2542 egisse
1100 2479 1196 2543 portis.

167 2558 216 2622 sit,
234 2561 267 2606 ut
283 2557 356 2607 iusta
373 2543 449 2608 arma
458 2559 593 2622 habeant,
613 2573 659 2608 eos
670 2557 731 2608 edo·
809 2553 916 2621 effusos]
944 2556 1051 2620 Effusae
1077 2558 1153 2608 arbee
1180 2562 1244 2609 sunt
1273 2571 1338 2622 qnae

168 2637 221 2684 cet.
774 2634 953 2696 effunduntur,
976 2635 994 2683 i.
1015 2650 1038 2686 e.
1060 2651 1094 2686 ex
1118 2637 1217 2702 quibus
1241 2639 1338 2686 incolae

201 2712 247 2761 Fr.
268 2705 323 2773 tu]
348 2708 459 2760 Cledon.
478 2726 503 2774 p.
521 2709 598 2762 1933.
616 2708 728 2758 Putseh.
772 2727 800 2761 ee
824 2711 968 2774 effundant,
996 2712 1055 2762 sive
1080 2712 1233 2779 frequenter
1256 2729 1337 2777 nego-

166 2787 310 2848 Nerratnr‚
330 2790 497 2851 quantopere
515 2785 641 2851 Spartaci
658 2801 731 2835 exer·
772 2787 872 2836 tiorum
886 2803 984 2838 caussa
1002 2783 1190 2855 egrediuntur,
1212 2796 1238 2842 et
1251 2791 1337 2842 libere

166 2866 238 2914 citus
256 2862 334 2912 brevi
350 2867 448 2913 anetus
466 2865 511 2913 eit.
532 2890 566 2900 -
581 2863 664 2924 Quae,
690 2863 730 2909 in·
771 2864 845 2914 foras
866 2869 893 2914 et
911 2869 984 2914 retro
999 2872 1160 2918 commeant.

166 2942 260 3006 tellige
282 2941 403 3001 seruitia3
433 2941 471 2992 ci.
495 2941 611 3006 Appian.
636 2941 669 2991 B.
697 2938 728 2989 C.
806 2943 852 2993 Fr.
877 2938 932 3005 73.]
957 2942 1033 2992 Serv.
1060 2943 1095 2992 ad
1119 2946 1194 3010 Virg.
1219 2945 1285 2995 Aen.
1310 2946 1335 3008 Ι,

167 3019 191 3083 Ι,
211 3019 269 3070 116.
771 3011 991 3082 2.²1ntelligendi
1009 3024 1089 3083 sunt,
1110 3021 1156 3086 qui
1172 3022 1250 3072 bonis
1263 3020 1336 3072 dorni

202 3097 248 3146 Fr.
267 3091 321 3158 71.]
339 3093 416 3143 Serv.
433 3095 470 3145 ad
490 3096 566 3158 Virg.
582 3094 649 3144 Aen.
664 3092 729 3155 XII,
772 3096 881 3145 amissis
898 3094 995 3146 relicta
1012 3099 1103 3162 patria
1112 3101 1276 3165 quaerebant,
1294 3102 1337 3152 ubi

167 3173 229 3224 282.
245 3170 353 3236 Rapida
366 3170 432 3220 belli
443 3170 549 3222 servilis
563 3171 731 3221 incrementa
770 3174 856 3223 vitam
876 3179 1072 3225 sustentarent.

166 3253 323 3302 narrantur.
807 3251 852 3300 Fr.
878 3249 933 3316 71]
957 3253 1032 3304 Seru.
1055 3251 1090 3302 ad
1112 3254 1188 3319 Virg.
1209 3253 1276 3304 Aen.
1296 3255 1334 3319 ΙΙ,

202 3326 294 3393 omnes]
315 3323 490 3392 Intelligendi
505 3328 569 3375 sunt
583 3325 652 3375 serni
668 3339 731 3374 con·
772 3329 813 3378 27.
828 3327 927 3393 Agitur
938 3330 971 3380 de
980 3329 1073 3395 aliqua
1085 3331 1248 3396 Campaniae
1258 3333 1334 3397 urbe,

167 3410 278 3475 tagione
296 3408 441 3458 seditionis
459 3405 585 3456 celeriter
602 3405 729 3469 correpti.
770 3409 911 3472 repentino
920 3414 947 3458 et
955 3410 1144 3475 inexspectato
1157 3412 1336 3478 fugitivorum

202 3489 249 3538 rr.
275 3484 329 3552 72]
355 3485 429 3536 Serv.
453 3485 488 3534 ad
511 3485 587 3549 Virg.
613 3483 680 3536 Aen.
706 3483 730 3553 1,
769 3485 881 3536 incursu
901 3487 1043 3539 intestata.

168 3566 227 3620 30³.
253 3565 351 3630 Agitur
377 3564 409 3614 de
437 3563 595 3614 calamitate
621 3561 729 3611 urbium
804 3564 851 3613 Fr.
871 3563 925 3630 75.]
946 3566 1057 3616 Cledon.
1076 3582 1103 3631 p.
1126 3567 1202 3619 1916.
1221 3567 1332 3619 Putseh.

168 3647 218 3696 sub
237 3644 298 3709 ipsa
316 3643 382 3694 belli
399 3643 506 3694 servilis
524 3643 604 3692 initia
624 3655 640 3692 a
659 3639 730 3690 sedi·
771 3671 805 3680 —
816 3643 957 3706 Cossium,
975 3644 1080 3694 Vatinii
1091 3643 1207 3710 lagatus,
1221 3660 1238 3693 a
1255 3646 1336 3712 Spar-

168 3723 247 3773 tiosis
266 3737 464 3786 oppressarum.
770 3724 834 3768 taco
858 3734 1003 3782 oppressus
1031 3736 1118 3784 paene
1146 3722 1267 3786 capitur;
1296 3722 1333 3775 cl.

199 3800 281 3868 simul]
303 3800 409 3850 Indicio
433 3803 475 3849 est
497 3799 565 3848 haee
583 3793 729 3861 particula,
771 3796 909 3848 Plutarch.
929 3797 957 3847 in
976 3798 1075 3849 Crasso
1094 3815 1118 3850 c.
1135 3799 1160 3848 9.

169 3881 262 3931 eodem
280 3885 416 3943 tempore,
441 3893 494 3942 quo
519 3877 590 3926 servi
611 3876 640 3924 in
657 3875 731 3923 urbi·
807 3873 853 3923 Fr.
874 3873 929 3939 76.]
950 3875 1078 3926 Arusian.
1094 3891 1120 3940 p.
1141 3877 1201 3926 252.
1218 3875 1298 3926 Lind.

167 3959 218 4008 bus
246 3957 368 4008 dominos
392 3954 554 4004 deserebant
580 3951 732 4016 armatique
806 3949 929 4017 incidere]
949 3968 987 4003 sc.
1006 3953 1129 4018 fugitivi,
1147 3951 1333 4017 Campaniam,

168 4035 196 4084 iu
216 4050 262 4084 eos
278 4033 432 4094 irruebant,
453 4030 620 4081 extrinsecus
631 4028 730 4081 multos
771 4031 917 4093 postquam
935 4047 953 4081 a
970 4031 1090 4085 Vesuvio
1108 4031 1224 4096 digressi
1246 4037 1333 4097 erant,

168 4111 239 4162 alius
255 4111 362 4176 generis
379 4109 415 4160 ed
431 4124 477 4159 eos
496 4107 667 4159 confluxisse.
771 4112 917 4168 vexantes;
936 4108 970 4160 ci.
988 4107 1061 4159 Flor.
1079 4108 1132 4172 III,
1151 4108 1194 4171 20,
1213 4110 1239 4161 5.

202 4190 312 4238 immania
338 4187 456 4238 lunanum
482 4183 529 4251 oia]
558 4183 734 4251 Intelligeudi
807 4184 954 4250 Arellaaoe]
973 4186 992 4236 i.
1013 4201 1036 4236 e.
1056 4186 1102 4251 qui
1123 4187 1194 4236 circa
1211 4187 1333 4248 Avertam,

168 4270 233 4318 sunt
248 4269 306 4314 tum
324 4269 448 4330 pastores
467 4267 494 4314 et
512 4267 649 4330 agrestes,
672 4265 730 4312 tum
772 4259 937 4326 Campaniae
955 4263 1097 4328 oppidum,
1115 4263 1286 4316 habitabant.

168 4344 204 4408 ii,
228 4343 275 4408 qui
296 4345 373 4408 agris
397 4340 469 4409 pulsi
490 4341 530 4410 (r.
550 4341 610 4408 lug.
634 4341 678 4406 41,
703 4339 730 4392 8.
803 4339 987 4408 praesidentis]
1007 4357 1033 4394 v.
1053 4341 1089 4394 ad
1105 4343 1216 4410 Fragm.
1230 4343 1272 4410 11,
1287 4343 1331 4398 34.
