3070 4852
232 304 291 363 170
632 313 663 361 c.
687 314 856 362 saeuusrr
876 315 989 364 cnlsrr

313 469 386 530 XLI.
432 467 568 530 Ceterum
590 489 654 530 mos
677 472 798 551 partium
818 472 1001 552 popularium
1024 482 1054 532 et
1076 472 1167 532 senati
1188 473 1368 533 factionum
1393 494 1428 534 ac

228 583 332 645 deinde
354 580 479 642 omnium
501 581 639 641 malarum
664 582 769 642 artium
788 584 890 661 paucis
917 591 984 644 ante
1007 585 1088 645 annis
1107 584 1218 644 Romae
1242 593 1335 644 ortos
1364 595 1425 662 est,

229 695 290 755 otio
314 701 401 770 atque
429 690 600 752 abundantia
623 709 720 752 earum
749 711 862 770 rerum,
892 712 966 772 quae
994 695 1086 772 prima
1115 693 1256 754 mortales
1289 694 1423 754 ducunt.

228 801 309 864 Nam'
322 812 388 864 ante
410 801 616 879 Carthaginem
637 801 762 862 deletam
786 804 914 881 populus
932 813 962 863 et
982 814 1098 864 senatus
1115 805 1263 865 Romanus
1291 805 1448 883 placidet

229 911 420 991 modesteque
446 915 520 973 inter
543 930 577 972 se
606 911 814 991 rempublicam
841 913 1019 990 tractabant,
1049 932 1144 993 neque
1166 913 1286 990 gloriae
1311 933 1422 992 neque

229 1025 431 1086 dominationis
454 1032 601 1084 certamen
624 1023 698 1083 inter
720 1007 792 1082 civis
815 1035 894 1094 erat;
925 1033 1018 1085 metus
1041 1023 1155 1084 hostilis
1178 1023 1320 1084 inbonis
1344 1028 1420 1085 arti·

228 1135 282 1196 bus
310 1136 456 1196 civitatem
485 1132 638 1195 retinebat.
693 1133 751 1194 Sed
779 1132 828 1193 ubi
857 1133 906 1194 illa
935 1135 1059 1195 formido
1087 1133 1231 1194 mentibus
1260 1135 1443 1211 necessita

229 1246 345 1306 scilicet
366 1265 416 1322 ea,
450 1263 524 1323 quae
547 1261 596 1302 res
618 1243 765 1303 secundae
794 1252 905 1320 amant,
927 1239 1053 1305 ¹lascivia
1082 1253 1168 1322 atque
1192 1243 1340 1322 superbia
1373 1247 1417 1303 in-

230 1374 359 1418 cessere.
403 1354 462 1430 lta,
490 1353 567 1432 quod
590 1355 618 1412 in
641 1331 774 1413 advorsis
801 1353 889 1414 rebus
916 1365 1090 1434 optaverant
1112 1356 1217 1431 otium,
1246 1364 1441 1433 postquami

229 1466 327 1542 adepti
356 1473 436 1539 sunt,
466 1464 600 1542 asperius
624 1463 819 1541 acerbiusque
841 1463 903 1523 init.
948 1439 1079 1544 Namque
1106 1483 1236 1544 coepere
1265 1464 1440 1524 nobilitasa

229 1573 396 1651 dignitatem
415 1574 443 1632 in
462 1572 698 1650 dominationem,
721 1573 847 1652 populus
865 1573 1028 1635 libertatem
1048 1577 1076 1635 in
1094 1576 1250 1638 lubidinem
1269 1583 1414 1648 vortere,

228 1682 283 1745 sibi
307 1684 428 1761 quisque
447 1681 572 1760 ducere,
596 1682 727 1760 trahere,
740 1702 866 1763 rapere.
901 1683 943 1744 lta
965 1687 1059 1746 omnia
1081 1687 1110 1746 in
1132 1687 1203 1747 duas
1223 1685 1320 1763 partis
1341 1684 1412 1744 abs-

229 1803 320 1854 tracta
349 1803 430 1870 sunt,
462 1793 643 1872 respublica,
678 1813 753 1874 quae
780 1793 874 1854 media
902 1794 1011 1872 iuerat,
1048 1797 1216 1858 dilacerata.
1263 1793 1439 1855 Geternmo
1483 1799 1484 1802 ’

229 1904 365 1966 nobilitas
387 1904 638 1981 lactionemagis
668 1903 814 1983 pollebat,
841 1904 937 1982 plebis
964 1906 1009 1966 vis
1030 1908 1124 1968 soluta
1153 1915 1240 1985 atque
1266 1908 1411 1985 dispersa

228 2016 256 2074 in
278 2013 456 2076 multitudine
477 2016 569 2076 minus
592 2023 716 2094 poterat.
760 2014 922 2074 Paucomm
943 2016 1062 2076 arbitrio
1086 2017 1155 2077 belli
1179 2017 1318 2094 domique
1345 2018 1436 2094 agi-7

263 2205 337 2257 XLI.
353 2205 376 2256 l.
389 2206 473 2254 senati
485 2199 630 2266 factionum]
643 2217 670 2250 v.
683 2201 791 2265 adIug.
834 2217 895 2250 amaa
916 2211 1040 2254 certamen
1066 2207 1131 2255 inter
1156 2208 1225 2268 ipsos
1250 2209 1325 2266 erat,
1360 2203 1409 2251 ubi

232 2284 262 2347 8,
286 2284 330 2352 1.,
835 2278 867 2328 de
884 2294 950 2328 vera
968 2280 1055 2345 gloria
1075 2282 1173 2346 agituur.

265 2406 351 2440 earam
374 2407 470 2451 rerum,
495 2407 560 2455 quae
580 2387 673 2455 prima]
705 2390 792 2450 Quum
869 2374 1067 2441 membosdlis]
1088 2377 1106 2426 i.
1121 2392 1145 2426 e.
1158 2379 1246 2425 metus
1265 2373 1302 2422 ab
1314 2372 1409 2422 hosti-

230 2484 278 2534 pro
297 2470 394 2534 quovis
414 2470 542 2520 adiectivi
555 2474 651 2518 neutro
666 2469 793 2518 substan·
835 2456 899 2513 bus;
920 2453 955 2502 Of·
972 2453 1033 2518 lug.
1054 2453 1112 2515 105,
1125 2452 1149 2501 3·
1167 2451 1240 2502 Hitl·
1253 2451 1301 2500 Fr·
1321 2451 1408 2512 1‚1·2.

230 2546 282 2596 tivi
300 2550 437 2610 potestate
454 2547 544 2614 posito
563 2547 646 2596 etiam
670 2562 712 2595 res
732 2561 792 2596 eum
836 2533 937 2582 Hem⁰²⁰
949 2539 1012 2581 mem
1029 2533 1131 2581 Punico.

230 2630 396 2691 congruente
415 2625 550 2676 adiectivo
575 2623 617 2673 vel
635 2625 791 2687 pronomine
871 2624 896 2674 3.
917 2622 1023 2689 scilieet]
1043 2641 1070 2673 v.
1090 2621 1125 2672 ad
1140 2621 1200 2685 Iug.
1217 2621 1243 2680 4,
1261 2617 1287 2666 il.

230 2703 285 2754 dici
303 2705 404 2770 possit,
422 2701 495 2753 haud
512 2717 573 2751 raro
591 2705 734 2765 utrumque
751 2700 792 2749 di·
869 2724 933 2772 quae
950 2736 985 2744 -
1003 2705 1097 2772 amant]
1118 2722 1143 2756 v,
1162 2704 1197 2754 ad
1214 2703 1274 2767 lug,
1292 2701 1338 2764 34,
1363 2705 1387 2754 1,

231 2782 310 2834 cendi
335 2797 419 2848 genus
438 2781 477 2830 ita
500 2777 687 2839 confunditur,
712 2782 743 2826 ut
760 2777 792 2825 li·
870 2795 895 2841 4·
917 2795 1034 2855 asperia,
1057 2791 1220 2854 acerbiusque
1240 2787 1301 2854 sup]
1329 2790 1351 2840 5·
1380 2808 1404 2842 e·

231 2867 275 2914 θθῑ
296 2877 339 2912 ⁷¹0⁸
360 2858 522 2925 Pfflfflssdals
551 2861 644 2906 lamen
667 2859 792 2904 neutrum
836 2869 921 2918 maius
940 2869 1089 2934 periculum
1107 2867 1289 2930 maioremque
1315 2869 1405 2917 tristi-

229 2945 372 3008 ⁸⁰q¹¹²t¹¹f3
397 2939 434 2988 ef·
459 2939 520 3001 1¹¹8·
541 2936 606 2998 102,
622 2935 647 2984 9·
675 2936 790 2983 Huma·
835 2944 901 2994 tiam
921 2951 948 2995 et
968 2946 1071 2996 luctum
1089 2943 1194 3006 attulit,
1219 2958 1257 2994 se.
1276 2960 1352 3007 quom
1373 2949 1402 2996 il-

228 3036 340 3070 aoram
365 3033 470 3067 reram
494 3016 608 3063 Fortuna
629 3016 791 3077 pleraque
835 3025 876 3071 lae
895 3025 968 3086 ipsae
987 3040 1029 3073 φρ,
1048 3024 1180 3072 advorsae,

227 3101 301 3164 ’'⁸9²¹“
320 3095 377 3146 Ci⁰·
396 3094 429 3144 de
447 3094 539 3143 ΜΠ·
560 3091 711 3154 1³5311'9'
732 3089 792 3137 ΒΨ
869 3117 894 3166 5.
919 3115 1064 3180 dipsitotem
1081 3118 1106 3164 in
1124 3115 1312 3164 dominationem
1330 3114 1399 3180 etc]

230 3193 293 3226 ΓΜ
311 3189 416 3222 'mm
434 3178 601 3235 mumque
616 3170 793 3260 afflepm'
833 3194 884 3243 His
899 3193 989 3243 verbis
1008 3193 1076 3244 salt.
1099 3192 1236 3255 declarat,
1262 3195 1399 3258 quomodo

226 3255 315 3341 Μῶφι·
343 3251 433 3311 Quare
454 3247 481 3295 ι’·
499 3245 518 3295 ¹¹
544 3263 608 3335 quae
628 3263 710 3309 'mma
737 3263 792 3296 ”⁰¹¹
831 3279 945 3338 uterque
970 3272 1036 3322 ordo
1055 3273 1089 3322 ab
1114 3287 1163 3333 ec,
1190 3272 1259 3335 quod
1277 3274 1400 3336 curiasque

231 3333 349 3392 p⁰⁸¹t¹¹m
368 3341 416 3389 pm
437 3338 500 3388 qm
513 3337 622 3384 pmm‘w’
642 3324 688 3373 ⁵⁸⁶
707 3341 791 3374 emm
828 3355 958 3416 peculiare
979 3358 1059 3410 essct,
1080 3349 1294 3414 degeneraverit.
1321 3351 1398 3402 Nobi·

230 3421 313 3456 ’ΨΜ
331 3403 432 3451 dictum
451 3414 500 3464 pro
520 3414 611 3449 emm'
773 3405 775 3410 Ι
832 3435 891 3482 litas
909 3432 994 3492 enim,
1018 3444 1100 3495 quum
1120 3429 1179 3478 iure
1199 3442 1248 3477 suo
1266 3429 1398 3478 maiorem

254 3519 416 3581 .2.popauo
435 3514 679 3580 eructationem]
709 3532 735 3566 v.
757 3514 792 3564 ad
833 3511 861 3558 in
879 3505 1149 3569 civitatedipnitotem
1167 3505 1399 3555 etauctoritatem

231 3600 292 3662 lug.
312 3598 344 3659 9,
365 3597 390 3646 2.
835 3587 985 3652 obtineret,
1012 3598 1044 3631 ea
1066 3597 1120 3631 non
1139 3586 1269 3631 contente
1286 3583 1399 3632 ἀοηιῑηα.

261 3704 364 3768 pioctdc
381 3730 415 3739 -
438 3702 592 3769 tractabant]
621 3719 648 3754 v.
674 3703 708 3752 ad
731 3702 792 3752 Cat.
835 3667 925 3713 mem
943 3661 962 3709 i'
977 3675 1001 3708 ρ’
1020 3656 1193 3723 tyrannidem
1211 3657 1334 3747 (cf'qat‘
1354 3661 1397 3722 17'

835 3742 861 3791 5.
891 3739 951 3801 Ing,
973 3736 1020 3798 31,
1043 3735 1082 3785 16.
1109 3734 1151 3784 20.
1177 3735 1219 3786 23.
1252 3736 1324 3785 Hrst.
1348 3737 1397 3787 Fr.

231 3785 273 3848 39,
284 3786 309 3834 2.
324 3782 440 3834 Pluralis
455 3781 518 3832 inde
532 3782 708 3873 repetendus,
721 3781 792 3871 quod
835 3816 893 3877 ΠΙ,
917 3813 964 3873 81,
994 3814 1018 3862 4·
1046 3811 1071 3862 6·
1098 3811 1138 3861 ll·
1165 3810 1207 3861 23·
1230 3811 1285 3876 28.)
1316 3829 1398 3877 ΨΜ-

226 3864 336 3930 poputus
357 3865 385 3912 et
401 3867 510 3911 senatus
533 3864 604 3909 rntor
630 3875 659 3909 se
683 3859 793 3909 drscretr

228 3942 393 4007 cogitantur.
835 3895 913 3953 SiViti
940 3892 1050 3955 1)01)“Ῑ“«ς
1072 3889 1104 3953 (i.
1130 3903 1153 3938 θ·
1182 3887 1273 3952 plebs,
1302 3890 1337 3940 cf.
1359 3892 1397 3940 ad

836 3969 896 4020 Cat.
914 3968 957 4030 38,
976 3966 1030 4033 3.),
1050 3966 1127 4016 caius
1147 3980 1279 4016 summum
1296 3965 1397 4018 bonum

177 4079 181 4086 =
260 4049 370 4118 picride]
399 4051 489 4102 Gloria
506 4062 587 4111 quum
606 4044 631 4095 b.
650 4044 669 4094 1.
694 4042 792 4092 intelli·
833 4048 862 4096 in
874 4050 992 4098 libertate
1011 4042 1047 4108 (v.
1064 4041 1093 4092 ll.
1104 4042 1145 4107 ll.)
1165 4043 1319 4105 constabat,
1337 4060 1398 4108 gra.

229 4135 309 4195 gatar·
330 4129 403 4192 salsa
424 4125 631 4188 inhonestisque
650 4122 730 4172 rebus
751 4121 792 4170 ni·
833 4128 912 4177 vibus
930 4121 1151 4176 contentionibus
1175 4124 1267 4186 parta,
1291 4123 1396 4176 modico

228 4213 303 4267 tens,
321 4197 486 4268 illaquideni
498 4203 600 4265 pariter
612 4197 791 4263 vituperanda
832 4205 891 4252 eins
908 4218 959 4254 usu
975 4217 1029 4251 non
1044 4202 1188 4250 contentus
1210 4195 1245 4247 ad
1256 4197 1396 4264 lubidinem,

229 4287 313 4346 atque
330 4283 477 4340 dominatio,
495 4280 578 4328 verba
596 4293 651 4326 non
668 4281 791 4340 pugnant
831 4281 850 4330 i.
864 4296 887 4328 e.
900 4278 1104 4328 immoderatam
1120 4275 1286 4340 offusamque
1298 4279 1396 4341 agendi

231 4373 290 4408 carn
314 4356 374 4404 loco
398 4355 460 4403 Cat.
481 4357 506 4414 7,
527 4355 554 4403 o.
578 4353 680 4402 Gloriae
702 4367 791 4400 momu-
831 4353 971 4418 licentiam
982 4367 1142 4418 progressus
1156 4357 1211 4414 est,
1229 4352 1354 4418 necao,
1367 4358 1393 4406 5.
