3070 4852
484 321 677 370 suasurus.
712 321 743 370 c.
767 320 824 372 cx.
847 323 916 371 cxr.
941 319 1024 368 oxu.
1279 307 1340 370 241

171 477 270 556 cham,
304 477 381 556 quod
411 477 487 538 iuter
514 496 560 538 me
591 488 620 539 et
646 479 797 560 Micipsam
825 479 892 556 iuit,
922 497 980 540 uon
1008 477 1161 559 egrediar,
1194 497 1290 560 neque
1316 476 1344 538 id

169 591 278 650 intrare
298 588 463 667 Iugurtham
487 590 586 649 sinam.
624 589 781 652 Praeterea
804 591 828 650 si
848 588 916 670 quid
935 608 1040 669 meque
1060 590 1203 671 vobisque
1227 590 1343 669 dignum

170 699 329 780 petiveris,
352 699 426 759 haud
447 699 583 780 repulsus
602 699 706 762 abibis.

255 807 332 870 cxl.
373 808 420 870 sd
441 829 475 871 ea
498 810 577 871 Sulla
600 829 655 890 pro
679 829 712 870 se
734 809 865 870 breviter
887 820 915 871 et
937 813 1063 890 modice,
1093 812 1130 872 de
1150 827 1225 890 pace
1254 819 1283 872 et
1305 811 1341 872 de

171 919 369 980 communibus
394 920 483 980 rebus
513 921 610 981 multis
637 921 782 981 disseruit.
831 920 964 1000 Denique
989 923 1054 998 regi
1079 921 1233 1001 patefecit,
1261 921 1342 1001 quod

170 1029 363 1111 polliceatur,
390 1041 518 1092 senatum
545 1042 574 1092 et
596 1031 925 1112 pupulum'llumanum,
955 1035 1089 1112 quoniam
1110 1030 1233 1110 amplius
1255 1033 1342 1092 armis

171 1139 349 1219 valuissent,
378 1161 434 1202 non
457 1145 485 1203 iu
507 1143 629 1221 gratiam
651 1141 817 1211 habituros;
846 1142 1009 1203 faciundum
1032 1142 1153 1222 aliquid,
1178 1141 1256 1220 quod
1276 1143 1340 1203 illo-

141 1269 231 1337 ·rum
253 1251 346 1329 magis
374 1272 457 1332 quam
481 1273 531 1314 sua
554 1252 691 1312 retulisse
713 1251 875 1322 videretur;
906 1251 933 1312 id
958 1252 1033 1313 adeo
1055 1252 1083 1311 in
1105 1261 1240 1332 promptu
1262 1271 1340 1330 esse,

172 1363 306 1438 quoniam
331 1362 489 1442 Iugurthae
519 1363 631 1443 copiam
663 1362 800 1433 haberem
837 1381 921 1443 quem
947 1363 971 1422 si
998 1363 1136 1447 Romanis
1163 1359 1341 1440 tradidisset,

170 1471 251 1550 iore,
273 1483 302 1533 ut
325 1474 366 1535 illi
389 1475 548 1554 plurumum
571 1475 741 1545 deberetur;
773 1475 939 1551 amicitiam,
962 1471 1081 1550 foedus,
1104 1471 1254 1534 Numidiae
1276 1491 1341 1552 par-

142 1585 240 1660 2tem,
271 1603 353 1663 quam
376 1603 452 1646 nuno
474 1594 604 1666 peteret,
630 1595 702 1647 tunc
720 1586 796 1646 ultro
816 1585 1012 1646 adventuram.
1056 1584 1122 1644 Rex
1144 1583 1237 1663 primo
1261 1583 1341 1660 negi-

172 1702 247 1763 tare:
282 1695 465 1774 affinitatem,
497 1697 717 1776 cognationem,
753 1704 907 1775 praeterea
936 1693 1039 1754 ioedus
1066 1695 1273 1762 intervenisse;
1306 1693 1341 1754 ad
1397 1755 1400 1761 ,

171 1803 227 1864 hoc
247 1814 391 1883 metuere,
410 1825 464 1885 ne,
487 1807 562 1867 dura
583 1807 638 1867 lide
659 1825 743 1882 usus,
763 1804 945 1886 popularium
965 1805 1074 1862 animos
1092 1811 1254 1878 averteret,
1278 1804 1342 1881 quis
1363 1791 1367 1796 ’

143 1924 201 1977 :tet
220 1913 358 1995 iugurtha
381 1935 481 1994 carus,
505 1926 534 1976 et
555 1917 678 1977 Romani
700 1916 784 1975 invisi
807 1923 898 1974 erant.
941 1912 1073 1990 Denique
1097 1912 1215 1990 saepius
1238 1912 1341 1988 latiga-

144 2036 219 2086 4tus
237 2026 354 2105 lenitur,
378 2036 407 2086 et
427 2045 464 2086 ex
483 2025 632 2086 voluntate
653 2025 753 2085 Sullae
773 2025 867 2084 omnia
887 2042 919 2083 se
938 2023 1077 2083 iacturum
1097 2021 1244 2101 promittit.
1286 2020 1341 2082 Ce-

171 2146 263 2197 terum
287 2136 323 2198 ad
346 2137 531 2198 simulandam
554 2155 670 2217 pacem,
696 2135 775 2194 cuius
797 2132 934 2210 Numida,
958 2132 1092 2192 defessus
1115 2132 1212 2211 bello,
1236 2133 1340 2193 avidis-

171 2266 284 2326 sumus,
301 2266 374 2327 quae
389 2247 466 2308 utilia
481 2247 559 2325 visa,
579 2245 765 2307 constituunt.
796 2244 838 2304 lta
855 2243 1018 2324 composito
1039 2242 1107 2304 dolo
1130 2243 1340 2321 digrediuntur.

256 2356 345 2418 CXII.
389 2358 430 2420 At
450 2379 504 2420 rex
529 2368 654 2438 postero
679 2357 725 2417 die
747 2355 907 2436 Asparem,
934 2354 1090 2432 Iugurthae
1116 2355 1261 2434 legatum,
1291 2371 1340 2436 ap·

172 2469 282 2550 pellat,
307 2470 433 2549 dicitque
457 2471 512 2531 sibi
535 2490 588 2551 per
609 2469 754 2530 Dabarem
777 2486 815 2526 ex
837 2466 917 2526 Sulla
940 2466 1103 2545 cognitum,
1129 2485 1219 2546 posse
1235 2467 1344 2551 condi:

173 2579 304 2672 ciopibus
326 2579 433 2641 bellum
461 2583 545 2661 poui;
577 2580 763 2660 quamobrem
792 2577 873 2656 regis
902 2577 945 2637 sui
967 2580 1138 2638 senteutiam
1164 2579 1342 2658 exquireret.

207 2769 234 2818 7.
252 2767 287 2816 Id
304 2766 396 2830 omitto]
420 2767 438 2816 i.
457 2783 481 2817 e.
501 2768 602 2817 omisso
620 2769 655 2818 ad
666 2768 735 2823 fines
814 2767 840 2812 ⁶2.
858 2760 1034 2827 interuenisse]
1055 2765 1072 2813 i.
1087 2780 1109 2813 e.
1128 2765 1194 2814 inter
1206 2765 1275 2826 ipsos
1290 2766 1340 2827 fu·

171 2841 394 2896 meos'tutandos
413 2839 561 2894 certamina
576 2845 659 2896 etiam
674 2862 736 2896 con·
779 2849 855 2890 ctum
876 2850 963 2900 esse,
983 2857 1015 2890 ax
1033 2857 1086 2905 qna
1104 2842 1216 2890 notione
1235 2839 1269 2889 ud
1288 2841 1341 2890 duo

173 2928 216 2972 tra
234 2935 284 2971 vos
303 2936 378 2970 arma
396 2922 468 2972 serre
482 2923 614 2974 desinam,
778 2917 870 2981 priora
893 2914 1067 2966 substantiva
1088 2929 1136 2980 per
1155 2930 1270 2979 zeugma
1294 2931 1341 2965 au·
1449 2948 1453 2954 ·

207 3006 232 3056 8,
249 3007 340 3072 flumen
355 3034 381 3043 -
400 3023 447 3057 710„
461 3005 657 3074 egrediente]
678 3007 696 3055 5,
711 3021 735 3056 θ,
779 2993 905 3042 diomdum
924 2996 966 3042 est
983 2994 1049 3042 inter
1064 3007 1121 3041 aeae
1138 3007 1217 3042 ease.
1237 3020 1273 3028 -
1292 2993 1342 3054 Af-

168 3083 248 3145 fines,
263 3083 350 3145 factos
367 3083 466 3150 (insulae
483 3083 613 3135 Mulucha
631 3115 664 3124 -
682 3099 735 3134 nou
775 3074 863 3134 fim'ffli
875 3087 945 3136 quae
959 3070 1050 3133 suffita
1069 3073 1146 3135 l)atet
1161 3083 1194 3120 ⁰¹
1205 3085 1229 3120 ⁰·
1242 3069 1285 3134 80,
1298 3070 1339 3132 6.;

172 3158 300 3225 egredior.
778 3148 812 3199 de
830 3152 976 3216 eopnadone
993 3164 1048 3198 nou
1064 3151 1184 3199 constat.

206 3253 277 3305 CXI.
294 3265 343 3318 pro
359 3253 398 3321 se]
420 3255 439 3306 i,
460 3271 485 3310 θ,
505 3271 575 3322 quae
593 3254 628 3306 ad
645 3255 732 3320 ipsum
815 3243 937 3311 metuere]
972 3247 1024 3296 Est
1049 3243 1199 3295 infinitivus
1232 3243 1340 3324 histori-

172 3332 354 3397 pertinebant.
777 3338 835 3375 cus.

203 3419 341 3484 patefecit,
367 3420 434 3484 qnod
452 3415 616 3484 polliceatur]
648 3432 674 3467 v.
700 3389 735 3466 ad
812 3421 838 3470 4.
862 3421 898 3470 ad
913 3419 1075 3474 maculandam
1096 3417 1196 3487 pacem]
1226 3419 1244 3472 i.
1264 3437 1287 3474 a.
1307 3419 1342 3472 ad

173 3497 233 3548 Cat.
250 3497 294 3560 32,
309 3499 336 3548 2.
778 3495 858 3547 fidem
877 3499 1025 3563 Iugurthae
1050 3497 1219 3563 faciendam,
1247 3515 1341 3565 pacem

207 3592 232 3638 iu
248 3595 359 3654 prusiam
378 3589 520 3657 habiturus]
555 3592 690 3655 Quoniam
712 3593 737 3641 in
779 3578 973 3626 ⁰⁰¹¹Ve¹¹t¹¹i³m
991 3592 1062 3628 2⁸⁸⁰·

173 3670 383 3732 praepositionis
395 3687 455 3721 cum
472 3687 564 3722 accus.
582 3689 614 3722 ea
631 3673 736 3732 maest,
815 3669 900 3722 CXII.
922 3669 945 3719 l.
975 3665 1168 3732 condicionibus]
1203 3669 1221 3718 i.
1246 3683 1270 3720 a.
1297 3684 1344 3734 pa-

174 3751 204 3795 ut
223 3747 349 3812 effectus,
370 3750 529 3812 consilium,
554 3750 615 3800 finis
635 3750 737 3816 signifi·
780 3749 870 3800 ctione
894 3747 951 3796 sive
970 3737 1170 3804 transactione,
1194 3761 1275 3810 quum
1300 3761 1343 3793 res

174 3829 250 3874 cetur
267 3825 308 3888 (v.
329 3827 363 3876 ad
382 3827 443 3880 Cat.
457 3829 500 3890 50,
520 3829 573 3890 2.),
592 3817 737 3878 verborum
779 3840 833 3876 nou
855 3823 967 3872 victoris
987 3821 1114 3883 arbitrio,
1142 3821 1189 3870 sed
1213 3821 1248 3870 ab
1272 3823 1346 3869 utra-

173 3917 268 3952 seusus
285 3909 340 3954 est:
364 3905 502 3954 Romanos
520 3904 548 3953 id
565 3921 619 3956 nou
638 3922 687 3970 pro
707 3921 739 3954 eo
781 3918 832 3969 qua
852 3904 930 3965 parte
948 3898 1111 3964 postulando
1124 3913 1211 3962 aeque
1231 3913 1345 3948 accon-

172 3978 327 4045 habituros,
347 3981 414 4046 quod
431 3981 467 4030 ud
481 3985 591 4045 pralium
607 3983 738 4033 ineumlam
781 3980 900 4033 cedendo
918 3979 1074 4040 conficitur;
1094 3977 1129 4028 cl.
1143 3977 1212 4028 Vell.
1227 3978 1265 4039 II,
1280 3976 1305 4038 3,
1318 3975 1344 4028 3.

171 4065 275 4120 spectet.
663 4075 667 4081 ·
780 4060 932 4110 Discordine
954 4060 1053 4115 malurn,
1082 4064 1156 4105 natea
1179 4055 1345 4106 condicio-

205 4140 362 4208 saciundum]
389 4158 427 4196 sc.
446 4141 570 4192 Boccho:
596 4141 668 4193 uude
684 4145 738 4194 illo.
779 4137 872 4187 nidus
897 4137 989 4185 narrari
1009 4136 1117 4197 solitae,
1136 4134 1230 4196 ferro
1253 4131 1345 4182 diiudi-

173 4237 227 4272 rum
246 4223 280 4272 da
298 4222 443 4285 Romanis,
467 4238 516 4271 saca
534 4221 567 4272 de
585 4238 650 4287 rege
668 4225 738 4274 acci.
780 4224 862 4268 culae.

172 4301 312 4376 piendum.
813 4303 884 4370 poni]
912 4305 930 4354 i.
950 4321 974 4354 e.
993 4304 1074 4367 finiri,
1092 4303 1194 4364 desini3
1214 4303 1250 4353 cl.
1269 4302 1342 4352 Hist.

208 4383 296 4452 raacncJ'
313 4383 341 4436 ν’.
360 4383 395 4434 ad
412 4385 473 4450 lug.
495 4383 553 4447 109,
572 4383 598 4434 3.
780 4385 826 4434 Fr.
846 4383 870 4446 1,
892 4381 931 4432 ll.
951 4382 1012 4450 Iug.
1034 4381 1076 4446 83,
1098 4381 1121 4432 l.

241 4489 395 4532 miscuas.
1095 4466 1134 4528 16
