3070 4852
561 301 753 350 rocconem.
783 301 814 350 c.
835 301 880 350 cu.
904 301 964 350 cn.
1286 289 1348 354 233

264 457 326 520 cll.
370 458 496 520 Postea
526 460 584 521 loci
612 459 715 522 consul
741 458 817 522 haud
844 458 931 522 dubie
957 462 1012 522 iam
1034 462 1129 522 vietor
1156 463 1290 541 pervenit
1319 463 1349 522 in

150 571 318 652 eoppidum
346 569 469 648 Cirtam,
507 587 565 650 quo
595 571 675 630 initio
703 571 854 650 proiectus
884 571 1055 633 intenderat.
1106 571 1151 632 Eo
1178 580 1245 651 post
1273 571 1349 634 diern

177 683 319 761 quintum,
348 697 433 760 quam
459 681 562 742 iterum
589 679 705 742 barbari
733 681 808 742 male
830 691 1044 761 pugnaverant,
1073 681 1163 759 legati
1190 683 1348 744 aBocclro

177 793 310 868 veniunt,
339 793 391 869 qul
409 793 490 869 regis
511 791 609 852 verbis
631 792 667 852 an
689 791 954 873 Maricpetivere,
982 789 1056 852 duos
1079 809 1163 871 quam
1183 791 1349 856 lidissumos

176 901 212 963 ad
235 921 300 962 eum
320 903 460 973 mitteret;
489 902 568 964 velle
590 903 626 963 de
649 919 702 963 suo
724 912 754 964 et
778 902 815 962 de
841 902 942 982 populi
963 903 1085 964 Romani
1108 904 1260 965 commodo
1283 923 1346 965 curn

146 1013 211 1072 atis
234 1011 391 1072 disserere.
435 1011 489 1073 llle
512 1015 606 1074 statim
630 1013 660 1074 L.
685 1012 794 1073 Sullam
823 1017 852 1072 et
872 1013 908 1072 Α.
929 1013 1063 1073 Manlium
1090 1013 1133 1072 ire
1156 1013 1246 1074 iubet.
1290 1016 1347 1091 Qui

178 1140 348 1203 quamquam
371 1124 458 1185 acciti
477 1123 571 1200 ibant,
594 1131 689 1183 amen
710 1123 819 1203 placuit
841 1123 932 1184 verba
954 1123 1031 1202 apud
1053 1141 1155 1201 regem
1173 1124 1291 1202 iacere,
1315 1134 1346 1185 ut

176 1237 321 1311 ingenium
346 1244 394 1295 aut
424 1251 559 1295 avorsum
588 1233 757 1310 flecterent,
791 1242 839 1294 aut
871 1233 1005 1313 cupidum
1034 1237 1117 1313 pacis
1143 1233 1346 1296 vehementius

147 1343 382 1406 eaccenderent.
434 1345 535 1422 ltaque
564 1343 660 1421 Sulla,
690 1344 771 1403 cuius
801 1343 969 1420 facundiae,
997 1361 1055 1404 non
1082 1347 1168 1406 aetati
1195 1364 1211 1406 a
1237 1343 1344 1406 Manlio

145 1465 364 1534 ocoocessum,
389 1473 482 1536 pauca
502 1453 590 1515 verba
613 1453 812 1516 huiuscemodi
838 1453 968 1515 locotus:
993 1456 1059 1515 Rex
1082 1455 1217 1533 Bocche,
1240 1473 1343 1534 magua

174 1566 259 1628 nobis
280 1567 389 1628 laetitia
417 1575 477 1643 est,
509 1583 595 1644 quum
624 1573 652 1625 tc
674 1564 760 1626 talem
783 1566 873 1632 virum
895 1565 922 1625 di
944 1582 1100 1643 monuere,
1133 1575 1162 1626 nt
1188 1566 1343 1646 aliquando

174 1695 277 1757 pacem
300 1694 384 1755 quam
403 1676 511 1738 bellum
534 1675 653 1753 malles,
677 1693 733 1736 neu
753 1683 782 1735 te
804 1685 951 1755 optumum
975 1695 1039 1737 curn
1062 1694 1200 1756 pessumo
1220 1679 1343 1738 omnium

173 1787 310 1864 Iugurtha
340 1787 488 1849 miscendo
522 1785 767 1862 commaculares,
808 1786 890 1846 simul
924 1786 1009 1847 nobis
1044 1788 1179 1848 demeres
1208 1785 1343 1848 acerbam

173 1898 417 1960 necessitudinem
437 1899 546 1979 pariter
568 1907 596 1958 te
618 1903 762 1957 errantem
781 1905 868 1974 atque
891 1895 970 1956 illum
992 1897 1255 1958 sceleratissumum
1277 1915 1343 1976 per-

145 2009 267 2087 dsequi.
313 2008 358 2070 Ad
380 2007 438 2068 lroc
461 2009 572 2088 populo
593 2008 726 2069 Romano
748 2008 802 2067 iarn
828 2023 844 2066 a
867 2008 1012 2087 principio
1035 2007 1138 2068 melius
1159 2009 1252 2067 visum
1274 2008 1342 2067 arni·

176 2136 228 2180 cos
254 2136 338 2198 quam
364 2137 468 2180 servos
491 2136 650 2197 quaerere,
677 2119 822 2195 tutiusque
850 2118 905 2176 rati
934 2116 1098 2184 volentibus
1121 2135 1206 2196 quam
1232 2117 1344 2178 coactis

147 2231 353 2308 simperitarc.
398 2229 463 2290 'libi
491 2246 563 2290 vero
592 2227 669 2288 nulla
698 2227 891 2307 opportunior
916 2236 1014 2288 nostra
1039 2229 1181 2306 amicitia,
1211 2229 1343 2308 p'rimum,

176 2341 253 2421 quod
275 2341 377 2421 procul
397 2341 546 2419 absumus,
577 2341 605 2400 in
628 2357 686 2418 quo
710 2340 840 2400 offensae
859 2338 1027 2417 minumum,
1052 2341 1146 2418 gratia
1170 2357 1239 2419 piar,
1261 2357 1297 2398 ao
1319 2339 1343 2396 si

174 2469 269 2532 prope
296 2452 480 2522 adessemus;
511 2451 578 2512 dein
606 2450 683 2530 qnod
711 2448 840 2530 parentis
867 2448 979 2510 abunde
1007 2448 1160 2529 habemus,
1187 2451 1344 2511 amicorum

148 2575 271 2642 tneque
299 2563 383 2624 nobis
405 2581 500 2642 neque
524 2563 655 2640 cuiquam
681 2562 804 2622 omnium
832 2559 901 2620 satis
926 2559 988 2620 init.
1033 2561 1131 2641 Atque
1158 2560 1214 2622 hoc
1239 2561 1343 2620 utinam

175 2691 191 2732 a
215 2673 357 2752 principio
377 2674 428 2734 tibi
451 2673 621 2752 placuisset!
646 2671 780 2752 proiecto
802 2689 840 2730 ex
861 2671 970 2750 populo
988 2673 1118 2733 Romano
1140 2671 1175 2730 ad
1195 2671 1253 2730 hoc
1272 2679 1342 2731 tern-

146 2801 229 2862 opus
251 2782 340 2843 multo
370 2783 452 2862 plura
474 2783 550 2842 bona
578 2783 764 2860 accepisses,
793 2799 876 2858 quarn
904 2779 978 2838 mala
1006 2797 1167 2859 perpessus
1195 2797 1237 2837 es.
1283 2777 1342 2837 Sed

175 2893 308 2972 quoniam
342 2893 526 2952 humanarum
559 2909 653 2951 rerum
683 2889 809 2949 Fortuna
845 2889 986 2966 pleraque
1017 2891 1110 2967 regit,
1147 2888 1191 2947 oui
1229 2887 1343 2947 scilicet

173 3002 321 3084 placuisse
348 3013 376 3063 et
396 3003 453 3062 vim
478 3010 506 3061 et
528 3001 650 3078 gratiam
666 2990 796 3060 nostram
818 3006 846 3056 te
863 2996 1012 3073 experiri,
1036 3016 1124 3074 nunc,
1149 2996 1263 3075 quando
1286 3013 1341 3076 per

173 3193 325 3253 adparent
341 3190 410 3255 repis
427 3188 512 3249 cerda,
529 3191 621 3236 tamen
632 3185 737 3251 placuit
812 3187 941 3255 persequi]
961 3189 1067 3240 Pendet
1084 3191 1129 3241 hic
1142 3189 1292 3240 infinitivus
1308 3205 1341 3241 ex

99 3323 103 3330 ,
172 3271 217 3325 iis,
237 3271 430 3333 contraquam
450 3268 701 3332 praeceptumerat
720 3279 736 3314 t
779 3269 933 3320 coniunctis
956 3268 1046 3319 uerbis
1070 3272 1181 3321 deseres
1206 3274 1341 3321 necessitu-

174 3345 272 3408 Maric,
288 3348 375 3411 stipsi
384 3343 735 3410 printiapudrepemcerbn
779 3350 872 3407 dinem,
900 3348 918 3400 i.
938 3362 961 3400 e.
982 3363 1031 3397 non
1047 3350 1152 3412 amplias
1169 3363 1287 3414 caperes,-
1312 3365 1340 3402 v.

171 3425 298 3488 facerent.
525 3481 527 3486 ¹
778 3425 814 3474 ed
832 3425 893 3476 Cat.
911 3428 942 3486 4,
963 3425 986 3476 1.
1202 3416 1204 3420 ’

184 3535 186 3540 ·
209 3507 334 3575 avorsum]
366 3509 385 3561 i.
408 3524 431 3561 e.
454 3509 478 3558 si
501 3520 627 3558 avorsum
650 3511 733 3559 esset.
812 3508 838 3560 d.
860 3506 922 3573 rati]
954 3511 1007 3559 Per
1030 3509 1140 3573 synesin
1165 3509 1282 3559 reiertur
1303 3507 1339 3557 ad

173 3586 288 3639 Acoreus
306 3591 396 3638 autem
414 3591 456 3637 est
480 3588 593 3646 alienus,
614 3587 734 3645 inimicus,
777 3586 862 3637 verba
882 3587 977 3650 populo
1000 3586 1125 3646 Romano,
1147 3588 1225 3651 quasi
1244 3587 1342 3636 luisset

173 3667 294 3729 infestas:
309 3665 345 3718 cf.
367 3665 425 3715 (lic.
443 3665 513 3728 Epp.
532 3662 567 3712 ad
584 3663 667 3716 Attio.
687 3663 735 3726 XI,
778 3658 1086 3720 1ἰιιιιιιιιιιέ,·ν.ιιιίΌιιιΙ
1113 3659 1155 3724 lli,
1176 3664 1200 3715 l.

175 3743 204 3804 5,
224 3748 292 3792 extr.
319 3743 423 3804 Quintus
441 3743 651 3796 auersissima
669 3758 685 3792 a
700 3757 737 3790 me
813 3746 838 3796 7.
857 3741 997 3807 satisfuit]
1018 3742 1077 3791 Fuit
1090 3756 1145 3792 nen
1158 3746 1200 3791 est
1214 3743 1341 3806 acrisius,

173 3823 253 3871 anone
270 3821 328 3884 suit.
355 3820 445 3869 Tacit,
464 3819 534 3868 Ann.
552 3819 626 3880 xiv,
644 3817 691 3880 26,
710 3819 736 3868 l.
779 3821 826 3872 sed
844 3819 994 3884 perfeetum
1014 3817 1124 3882 propria
1141 3821 1279 3882 potestate
1290 3823 1341 3884 'po-

174 3899 240 3960 Quos
257 3911 392 3947 aversos
410 3898 497 3945 animr's
513 3903 671 3960 copnoverat.
779 3899 875 3957 sitnm3
899 3895 950 3946 hoc
969 3896 1039 3944 enim
1059 3894 1127 3944 dicit
1148 3895 1237 3958 Sulla,
1265 3913 1342 3962 usque

208 3985 234 4033 4.
254 3978 403 4045 concessum]
433 3997 459 4031 v.
479 3979 513 4030 ad
531 3981 591 4046 Ing.
611 3983 652 4044 ll,
672 3984 698 4036 4,
779 3977 815 4026 ad
836 3988 962 4040 praeseus
990 3979 1082 4034 tempus
1110 3987 1246 4037 nunquam
1274 3975 1342 4024 satis

209 4060 233 4109 5.
264 4074 335 4122 quens
358 4083 390 4091 -
409 4055 536 4122 attonuere]
573 4059 650 4120 Quum
672 4063 736 4123 post
779 4053 926 4104 amicorum
945 4050 1081 4099 Romanos
1099 4048 1224 4100 habuisse.

173 4136 257 4186 verba
274 4135 409 4190 laudandi,
427 4135 570 4199 ιιμιιιιιειιᾱί,
588 4138 739 4200 protelandi
814 4138 840 4189 9,
860 4139 901 4185 eni
916 4135 1012 4184 seilicet
1024 4133 1161 4199 placuisse]
1185 4136 1227 4185 De
1242 4151 1300 4189 acc.
1315 4152 1340 4187 c.
1408 4145 1420 4176 t
1526 4133 1527 4144 ¹

174 4228 235 4262 cum
255 4211 405 4261 indicativo
429 4213 551 4260 iunctum
574 4227 655 4262 seusu
681 4228 734 4262 non
778 4215 828 4266 ini.
852 4229 884 4263 ex
902 4213 997 4262 scilicet
1018 4215 1084 4275 epto
1103 4211 1140 4264 ci.
1159 4213 1233 4267 Hist.
1252 4215 1298 4263 Fr.

175 4289 263 4339 differt
282 4289 387 4352 spread.
779 4292 822 4352 56,
842 4291 867 4342 5.
896 4290 956 4353 Ing.
979 4287 1038 4350 113,
1057 4285 1082 4338 3.
1220 4352 1223 4358 Ι

184 4389 186 4394 ·
209 4363 355 4431 aliquando]
378 4381 405 4416 v.
426 4364 462 4415 sd
477 4363 538 4433 Ing.
559 4365 602 4430 62,
621 4366 645 4419 l.
772 4419 774 4424 ,
814 4365 923 4433 quando]
940 4367 1001 4416 Hac
1014 4362 1216 4438 particulatam
