3092 4850
207 261 269 322 268
618 276 649 324 c.
672 276 841 326 sancusm
863 280 976 330 oarsrr

291 433 342 494 63.
366 429 403 490 Et
425 433 452 491 ei
475 451 550 493 voce
572 451 677 512 magna
698 435 888 498 vehementer
907 439 1136 518 gratulabantur.

292 543 343 603 st.
366 541 483 603 blodico
505 562 623 624 quoque
643 556 672 607 et
691 547 819 626 eleganti
840 551 964 628 imperio
989 569 1130 629 percarus
1151 552 1216 613 tuit.

290 654 340 714 65.
365 653 532 732 Hispaniam
556 654 611 714 sibi
634 659 777 738 antiquam
801 661 923 739 patriam
945 677 1023 720 esse.

189 779 191 786 ⁴
289 765 341 826 66.
364 763 470 826 Earum
507 763 582 826 aliae
617 767 732 845 paulurn
765 788 946 848 progressae
978 772 1065 832 nimio
1095 775 1177 834 simul
1208 786 1238 837 et
1268 780 1385 842 incerto

205 893 310 953 onere,
333 893 418 954 quum
439 892 534 953 pavor
556 895 684 955 corpora
706 881 885 958 agitaverat,
907 879 1152 961 deprimebantur.

289 988 339 1047 67.
364 983 498 1046 Traditur
519 985 617 1066 lugam
638 989 666 1048 in
690 989 799 1050 Oceani
817 990 978 1070 longinqua
1000 996 1177 1076 agitavisse,
1204 1002 1286 1060 ouius
1309 1002 1385 1063 duas

203 1097 312 1157 insulas
335 1095 515 1177 propinquas
538 1098 612 1158 inter
638 1118 671 1159 se
698 1109 726 1160 et
748 1101 851 1160 decem
878 1101 956 1161 milia
978 1104 1098 1166 stadium
1121 1110 1225 1188 procul
1254 1131 1270 1170 a
1296 1111 1382 1172 Gadi-

202 1209 257 1270 bus
279 1211 349 1296 sitas
371 1206 522 1267 constabat
542 1218 648 1290 suopte
671 1211 788 1288 ingenio
812 1211 948 1273 alimenta
969 1216 1141 1277 mortalibus
1161 1221 1296 1298 gignere.

287 1317 337 1381 68.
359 1316 474 1378 Insulas
501 1317 661 1382 fortunatas
694 1321 878 1400 [Sallustius
910 1323 967 1403 uit]
1005 1325 1128 1389 inclutas
1161 1313 1242 1392 esse
1259 1333 1380 1394 Homeri

205 1427 390 1490 carminibus.

285 1538 336 1599 69.
357 1535 522 1616 Maurique,
542 1559 646 1602 vanum
667 1559 778 1619 genus,
798 1553 828 1603 ut
847 1543 903 1604 alia
921 1544 1059 1624 Africae,
1082 1550 1297 1612 contendebant
1318 1554 1379 1614 An-

201 1647 317 1728 tipodas
340 1647 413 1707 ultra
437 1648 622 1729 Aethiopiam
644 1651 721 1711 cultu
745 1651 898 1713 Persarum
922 1657 1014 1716 iustos
1036 1668 1065 1719 et
1085 1661 1226 1738 egregios
1249 1681 1349 1740 agere.

288 1761 338 1822 76.
352 1747 475 1834 'Zigalis
495 1750 591 1832 πόλις
610 1753 755 1842 Λιβύης·
780 1759 816 1823 oi
828 1755 865 1824 δὲ
880 1759 957 1846 περὶ
972 1760 1187 1830 Σαλούστιον
1204 1759 1246 1832 οὗ
1265 1764 1377 1856 πόλιν,

201 1858 288 1932 ἀλλὰ
309 1861 415 1932 τόπον
437 1865 522 1952 φασὶ
545 1866 601 1933 καὶ
622 1860 773 1954 ποταμὸν
793 1864 888 1935 εἶναι.

234 2061 281 2112 Fr.
295 2057 351 2126 63.]
372 2060 474 2112 Donat.
494 2059 530 2110 ad
548 2060 610 2112 Ter.
631 2061 714 2112 Andr.
731 2064 766 2125 V,
807 2071 885 2114 mento
909 2066 974 2115 iuter
996 2069 1148 2133 coniupolem
1171 2088 1277 2124 amorem
1293 2083 1318 2126 et
1334 2093 1375 2127 se·

199 2141 229 2202 4,
254 2137 297 2190 36.
325 2139 436 2204 Fragm.
465 2137 499 2188 de
522 2137 642 2189 Sertorio
668 2139 767 2190 intelli·
808 2145 935 2192 actoriam
952 2148 1131 2200 necessitatem.

200 2215 336 2279 gendum,
356 2232 373 2265 a
389 2214 507 2280 populo,
526 2215 572 2278 qui
590 2215 689 2267 iustior
706 2223 766 2268 erat
841 2221 887 2275 Fr.
914 2221 969 2288 66]
1000 2223 1076 2277 Serv.
1100 2228 1136 2278 ad
1159 2229 1235 2295 Virg.
1255 2231 1323 2284 Aen.
1351 2231 1375 2292 1,

199 2307 280 2355 quam
304 2293 391 2341 invidi
414 2292 561 2356 scriptores
584 2292 613 2341 in
634 2295 692 2344 eius
712 2297 766 2345 vir·
808 2299 867 2350 380.
887 2301 1025 2364 ΙΙΙ,.297.
1053 2306 1144 2356 Verba
1164 2307 1291 2360 videntur
1309 2309 1370 2360 Ser-

200 2374 259 2418 tute
277 2368 447 2417 aestimanda
467 2373 494 2418 et
511 2371 700 2434 agnoscenda,
718 2372 765 2422 ho·
805 2377 869 2426 torii
888 2377 1026 2442 Hispanos
1051 2397 1082 2433 eo
1109 2384 1160 2433 sibi
1187 2387 1371 2452 conciliantis,

200 2444 311 2495 notifico
329 2447 358 2493 in
376 2445 483 2494 theatro
502 2451 630 2510 exeepto;
650 2449 686 2498 cl.
698 2448 764 2500 Plu·
806 2455 879 2520 quod
896 2457 962 2508 dicit
977 2459 1151 2528 Hispaniam,
1170 2466 1218 2515 ubi
1235 2467 1289 2516 iarn
1308 2468 1373 2518 olim

199 2521 286 2572 tarch·
306 2522 335 2569 in
353 2520 423 2570 Seri·
443 2537 467 2570 0·
487 2524 512 2572 4·
806 2534 889 2584 fuerit
908 2533 955 2600 (ci.
975 2539 1021 2588 Fr.
1041 2540 1069 2603 I,
1095 2541 1166 2608 82),
1186 2545 1227 2594 ita
1244 2547 1297 2596 sibi
1315 2548 1372 2612 pla-

231 2608 278 2657 Fr.
306 2604 360 2672 64.]
387 2606 477 2656 Schol.
502 2609 607 2662 Lucan.
634 2609 669 2660 ad
697 2611 762 2675 VII,
807 2613 910 2677 coisse,
929 2618 959 2663 ut
978 2617 1083 2679 patriae
1100 2619 1188 2670 instar
1206 2622 1259 2674 sibi
1276 2625 1321 2678 sit.

197 2687 257 2738 267.
278 2701 302 2749 p.
321 2685 381 2738 533.
400 2685 479 2736 ch.
504 2686 547 2736 De
559 2686 682 2738 Sertorio
695 2689 763 2742 haec
839 2691 886 2744 Fr.
915 2689 970 2758 66]
998 2693 1066 2747 Gell.
1094 2698 1132 2761 X,
1156 2701 1204 2764 26,
1230 2700 1270 2751 10.
1297 2705 1368 2756 Non.

197 2765 272 2815 diota
297 2779 357 2814 esse
383 2764 521 2830 Hispanos
552 2765 681 2817 comitate
708 2769 763 2819 sibi
804 2770 857 2833 VI,
878 2771 920 2820 27.
940 2786 967 2834 p.
987 2773 1054 2836 455,
1074 2776 1097 2828 6.
1118 2778 1202 2828 Mero.
1221 2779 1318 2846 Agitur
1337 2783 1371 2832 de

198 2843 364 2896 conciliante
381 2841 461 2893 fidem
476 2845 544 2895 lacit
559 2845 612 2895 Iul.
627 2847 763 2910 Exsuper.
804 2863 896 2912 pugna
924 2848 1018 2899 navali
1050 2869 1066 2903 a
1098 2855 1218 2908 Sertorio
1247 2875 1308 2909 cum
1335 2861 1368 2916 0.

158 2923 165 2940 ⁸
196 2941 221 2975 o.
238 2920 263 2976 8.
285 2922 334 2973 Ubi
348 2923 373 2972 iu
385 2925 627 2986 prouinciamuenit,
643 2926 681 2974 itu
695 2931 763 2974 stre·
804 2925 893 2976 Annio
912 2926 948 2976 ad
972 2927 1115 2994 Pityusam
1140 2935 1257 2987 insulam
1279 2955 1303 2989 a.
1326 2939 1369 2992 81.

195 3019 243 3053 nuce
268 3005 390 3054 sociorum
416 3005 511 3054 animos
543 3005 592 3054 ium
620 3007 762 3068 deficientes
804 3019 829 3053 a.
843 3002 906 3056 cnr.
920 3019 948 3058 n.
962 3009 1120 3074 commissa,
1137 3014 1173 3065 cl.
1188 3014 1328 3068 Plutarch.
1342 3018 1371 3068 in

196 3089 272 3146 utque
295 3084 349 3131 aliu
372 3084 499 3144 cupientes
523 3084 548 3132 iu
569 3085 683 3147 fauorem
696 3099 763 3146 pur·
804 3081 876 3131 Sert.
896 3096 920 3130 ο.
941 3083 967 3134 7.

196 3162 254 3210 tium
275 3175 377 3210 suarum
399 3161 541 3210 modeste
570 3165 689 3212 tuendo
713 3169 764 3212 ut·
840 3158 886 3210 Fr.
907 3157 963 3224 67.]
989 3159 1066 3213 Serv·
1092 3165 1128 3214 ad
1150 3166 1225 3233 Virg.
1244 3169 1311 3224 Aen.
1332 3173 1370 3238 ΙΙ,

197 3251 253 3300 que
285 3235 491 3292 blandiendo,
509 3237 649 3300 perducit,
682 3247 709 3288 ut
739 3247 764 3290 et
807 3233 868 3284 640.
891 3234 963 3286 Acro
986 3238 1021 3287 ad
1043 3239 1110 3292 Hor.
1135 3244 1224 3309 Epod.
1252 3248 1299 3312 16,
1324 3255 1368 3306 42.

195 3329 293 3362 curus
310 3321 412 3377 esset,
437 3322 463 3364 et
485 3322 566 3364 tumen
596 3315 628 3364 ab
653 3318 763 3370 omuibus
805 3312 876 3365 Non·
895 3313 944 3365 IX.
959 3331 987 3379 p.
1006 3317 1072 3381 495,
1091 3319 1134 3371 33.
1154 3323 1238 3379 Mero.
1255 3328 1298 3378 Ad
1310 3331 1372 3380 Ser-

195 3391 333 3440 strueretur.
805 3391 905 3440 terium
922 3391 991 3443 haec
1010 3401 1135 3459 spectare
1153 3399 1316 3470 intelligitur
1336 3425 1369 3459 ex

231 3463 335 3530 modico]
361 3465 380 3515 i.
407 3480 430 3516 e.
450 3464 605 3530 moderato,
630 3467 702 3518 inter
722 3473 763 3520 ni.
803 3467 951 3520 Plutarcho
974 3472 1002 3522 in
1030 3473 1101 3528 Sert.
1129 3493 1151 3528 ο.
1174 3480 1200 3532 8.
1222 3482 1295 3536 Flor.
1314 3486 1367 3551 111,

196 3541 278 3590 roiam
304 3539 479 3592 severitatem
507 3547 535 3593 et
562 3543 762 3612 indulgentiam
805 3546 856 3602 22,
878 3548 902 3595 2.
1159 3564 1161 3568 ·

195 3623 357 3684 temperato.
838 3631 926 3686 suopte
951 3627 1059 3694 inpenso]
1091 3631 1109 3685 i.
1137 3649 1161 3685 e.
1189 3651 1239 3688 sua
1262 3644 1367 3704 sponte,

231 3703 349 3772 agyam]
367 3706 386 3756 i,
406 3721 429 3755 θ,
447 3705 489 3756 ita
506 3705 646 3772 instituto,
670 3713 702 3760 ut
720 3727 761 3761 ιθ.
803 3701 865 3769 ipso
884 3709 999 3757 naturae
1017 3708 1061 3772 vi,
1088 3711 1164 3763 nulla
1181 3715 1304 3769 adhibita
1321 3720 1368 3770 ho-

126 3822 128 3828 .
195 3800 254 3836 rum
273 3789 356 3850 atque
373 3783 511 3836 hominnm
529 3786 599 3837 ratio
617 3786 762 3839 haberetur
803 3783 904 3832 minum
922 3800 988 3836 cura
1006 3791 1088 3852 atque
1107 3789 1209 3846 labore.

194 3863 367 3928 (Germanice
392 3861 604 3928 wcbsicbtecolt);
637 3865 673 3918 cf.
702 3865 758 3918 Cio.
836 3870 882 3921 Fr.
902 3869 958 3936 68]
987 3872 1062 3924 Serv,
1086 3875 1121 3924 ad
1145 3877 1221 3943 Virg.
1245 3879 1312 3935 Aen.
1333 3886 1366 3948 V,

192 3943 264 4006 Epp.
283 3941 341 4004 ΙΙΙ,
364 3940 397 4002 8,
422 3943 447 3992 4.
469 3939 535 4002 Quid
552 3957 569 3990 u
587 3957 624 3991 me
639 3945 698 4004 fieri
712 3959 759 4007 pc·
802 3945 861 3996 735.
880 3946 970 3998 Verba
984 3949 1019 3999 ad
1031 3952 1144 4002 eandem
1156 3969 1210 4004 rem
1220 3959 1367 4027 pertinent,

193 4022 241 4070 tuit
256 4028 301 4070 aut
318 4022 504 4084 elepautius
519 4025 562 4068 aut
579 4022 675 4078 iustius,
687 4037 759 4086 quam
802 4027 833 4074 ut
850 4024 960 4090 Fragm.
981 4030 1156 4092 praecedens,

193 4106 220 4148 ut
234 4106 345 4160 sumptus
358 4099 569 4162 egentissimarum
583 4101 705 4150 ciuitatum
717 4103 760 4150 mi·
837 4111 882 4159 Fr.
909 4110 965 4177 ou]
996 4115 1131 4166 Priscian.
1156 4118 1236 4182 XIV,
1259 4121 1290 4184 4,
1323 4123 1367 4176 rt.

193 4192 294 4226 uuerem
311 4179 365 4226 siue
383 4177 435 4225 ullu
451 4177 613 4228 inminutione
631 4171 760 4242 dipuitulis
802 4202 828 4251 p.
848 4187 909 4240 603.
931 4191 980 4242 Kr.
1001 4193 1073 4244 Non.
1097 4195 1150 4257 IV,
1173 4195 1235 4248 481.
1257 4213 1284 4262 p.
1306 4201 1366 4264 416,

194 4253 270 4301 tuae?
299 4253 389 4302 Tacit·
415 4251 485 4302 Ann.
511 4252 565 4316 XI,
593 4257 623 4317 4,
646 4259 671 4307 4.
696 4256 760 4320 (Rit-
802 4263 845 4316 29.
883 4265 966 4316 Merc.
1000 4269 1163 4326 Tertullian.
1202 4273 1235 4324 de
1268 4276 1366 4328 Anima

193 4328 304 4392 spondit
327 4325 431 4392 Scipio)
455 4327 611 4392 Elepuuti
634 4338 759 4396 tempera·
800 4355 829 4404 p.
848 4339 910 4392 313.
934 4343 1025 4394 Verba
1041 4347 1182 4399 continent
1200 4351 1315 4403 Sertorii
1333 4355 1366 4406 de
