3028 4852
301 301 349 348 ns
372 299 553 349 succussu
574 301 675 368 utun,
703 299 852 349 troanno
874 299 917 347 nc
940 299 1103 348 uouemus.
1249 287 1289 350 13

113 457 282 518 vincialium
304 465 392 536 atque
416 457 590 518 vexationes
613 455 859 536 prohibebantur,
886 465 915 516 et
938 457 986 536 qui
1009 457 1142 538 rapinas,
1164 455 1288 518 crudeli-

114 577 209 647 tates,
238 568 348 647 lingitia
372 568 400 628 in
422 567 523 628 socios
544 568 762 646 commiserant,
791 565 895 629 iudicia
923 575 953 628 et
977 584 1089 647 proenas
1112 576 1288 648 exspectare

116 678 279 749 debebant;
302 685 432 740 ceterum
455 693 540 737 nemo
563 676 725 756 dubitabat,
749 679 817 758 quin
836 679 1022 757 magistratus
1041 695 1106 738 eum
1125 679 1152 737 in
1171 677 1288 757 provin·

117 767 174 851 ciis
197 789 293 850 locum
315 796 466 865 tenerent,
496 797 525 848 ut
553 789 617 850 iure
638 787 815 867 aliquantum
838 807 876 850 ex
898 786 1037 850 reditibus
1062 787 1099 848 ad
1125 805 1179 848 eos
1200 788 1288 866 perti·

116 909 211 962 neret.
256 899 360 980 Neque
384 899 413 959 id
436 917 452 960 a
474 901 570 962 rc'rum
591 900 763 962 condicione
786 897 973 961 abhorrebat.
1017 897 1091 959 Nam
1112 917 1198 978 quum
1220 915 1287 978 pro·

116 1011 278 1072 vincianam
304 1019 438 1072 rectores
458 1029 560 1089 regum
585 1011 675 1072 instar
699 1019 815 1088 essent,
844 1009 893 1090 qui
915 1008 1022 1088 ubique
1048 1016 1078 1068 et
1103 1009 1159 1090 ipsi
1182 1025 1287 1086 magno

117 1120 298 1184 subditorum
317 1131 431 1201 sumptu
454 1121 623 1200 alebantur,
653 1121 789 1201 prolecto
813 1121 952 1200 lingitium
974 1137 1071 1200 neque
1094 1117 1220 1180 habitum
1243 1127 1288 1180 est

115 1251 215 1312 neque
237 1232 307 1308 fuit,
336 1231 361 1290 si
389 1231 449 1308 illi,
482 1249 572 1310 reges
593 1232 706 1310 imitati,
735 1249 773 1292 ex
798 1249 891 1292 annua
919 1229 1088 1312 provinciae
1109 1229 1287 1290 administra·

116 1343 198 1403 tione
218 1341 361 1404 collectas
384 1359 459 1421 opes
479 1343 600 1404 Romam
623 1342 778 1403 referrent.
824 1341 989 1403 Sallustium
1011 1357 1128 1419 quoque
1151 1338 1288 1400 retulisse

118 1462 230 1514 certum
254 1461 317 1529 est,
344 1450 396 1512 sed
418 1453 528 1531 rapinis
550 1462 637 1532 atque
658 1451 885 1533 expilationibus
911 1469 962 1512 eas
984 1467 1105 1530 parasse
1129 1451 1286 1512 incertissi-

118 1581 195 1622 mum
219 1571 249 1622 et
266 1563 346 1622 nullo
370 1561 456 1622 modo
478 1562 640 1643 probatum.
684 1562 789 1642 Neque
811 1561 1018 1641 negligendum
1039 1570 1098 1641 est,
1120 1579 1178 1622 nou
1200 1579 1286 1641 paca·

118 1683 167 1734 tae
197 1691 261 1734 cum
288 1673 457 1754 provinciae
483 1674 665 1753 praefuisse,
698 1673 750 1736 sed
779 1673 822 1752 ei,
851 1690 925 1752 quae
948 1673 1132 1751 Pompeianis
1157 1671 1286 1752 partibus

117 1783 281 1845 adhaerens
304 1793 405 1845 contra
425 1783 583 1846 Gaesarem
608 1803 686 1847 arma
707 1786 828 1861 tulerat,
852 1785 975 1862 eiusque
998 1783 1129 1842 inimicos
1150 1782 1287 1844 militibus

117 1904 147 1955 et
170 1895 294 1975 pecunia
320 1893 491 1966 adiuverat„
531 1894 584 1956 Cui
612 1915 698 1976 quum
729 1897 822 1955 victor
850 1911 958 1972 graves
984 1892 1089 1980 multas
1117 1893 1287 1954 iniunxisset

118 2004 176 2085 (ci.
199 2003 285 2064 Auct.
305 2003 338 2064 B.
361 2005 455 2066 Airic.
479 2023 505 2066 c.
528 2008 579 2068 97.
601 2005 658 2066 Dio
683 2005 766 2068 (lass.
786 2005 887 2083 XLlll,
911 2005 975 2082 9.),
998 2005 1047 2064 vix
1069 2003 1170 2062 mirum
1192 2001 1286 2063 videri

119 2123 233 2195 potest,
263 2118 287 2176 si
313 2115 472 2196 proconsul
496 2117 673 2195 castigandis
701 2117 820 2178 urbibus
841 2118 877 2178 ab
900 2131 936 2175 ec
964 2114 1085 2175 relictus
1109 2113 1197 2174 solito
1220 2112 1285 2194 plus

118 2243 156 2285 ex
176 2227 227 2306 iis,
252 2243 309 2306 quo
331 2226 397 2306 ipse
419 2235 590 2305 augeretur,
614 2229 723 2306 exegit.
769 2226 827 2288 Sed
850 2229 877 2286 in
901 2243 938 2286 eo
962 2243 1075 2286 omnem
1097 2223 1211 2284 modum
1235 2243 1285 2285 ex·

119 2337 248 2397 cessisse
272 2336 339 2398 inde
363 2346 464 2418 patere
496 2336 610 2417 volunt,
646 2336 723 2416 quod
750 2338 870 2400 Romam
897 2355 1035 2398 reversus
1062 2334 1285 2416 repetundarum

119 2456 273 2508 accusatus
293 2465 361 2508 esse
381 2446 494 2508 dicitur.
533 2445 617 2522 Quod
636 2457 835 2526 argumentum
853 2467 937 2528 quam
955 2469 1059 2531 perse
1077 2451 1218 2512 inlirmum
1237 2449 1284 2526 sit,

118 2556 206 2618 facile
228 2557 406 2636 intelligent,
434 2560 481 2637 qui
506 2559 654 2636 cognitum
676 2557 800 2636 babent,
829 2560 967 2640 plurimas
985 2563 1096 2622 Romae
1124 2560 1284 2621 accusatio·

118 2687 171 2728 nes
193 2668 409 2748 provinciarum
428 2666 592 2728 rectoribus
615 2669 722 2730 intendi
742 2669 844 2730 solitas
867 2690 935 2731 esse
955 2671 990 2731 ab
1014 2672 1065 2748 iis,
1089 2672 1138 2750 qni
1157 2670 1205 2730 vel
1225 2668 1285 2730 odii

119 2776 258 2857 explendi
282 2778 469 2838 occasionem
490 2787 681 2856 quaererent,
708 2779 756 2839 vel
776 2780 856 2841 claro
879 2781 976 2860 aliquo
1000 2782 1063 2841 viro
1090 2780 1283 2841 convellendc

117 2905 223 2948 nomen
251 2886 307 2948 sibi
342 2905 515 2967 comparare
544 2887 702 2950 studerent.
754 2891 869 2968 Quare,
905 2893 959 2950 nisi
991 2891 1075 2971 culpa
1105 2891 1170 2951 aliis
1196 2889 1284 2951 rebus

118 2998 273 3078 probatur,
302 3017 355 3077 eo,
384 2996 461 3077 quod
488 2997 525 3059 lis
553 2998 639 3058 alicui
663 3017 700 3058 ex
727 3001 879 3079 provincia
905 3003 1063 3062 revertenti
1091 3002 1200 3062 intenta
1227 3010 1284 3078 est,

118 3128 175 3170 non
197 3110 322 3170 eflicitur
350 3109 467 3167 nonium
494 3108 596 3169 fuisse.
640 3109 699 3169 Sed
722 3108 758 3170 de
787 3110 850 3190 ipsa
877 3110 1004 3171 Sallustii
1032 3111 1218 3172 accusatione
1247 3129 1284 3170 ne

119 3228 199 3281 certa
219 3219 336 3299 quidem
362 3237 412 3278 res
434 3226 489 3278 est.
532 3217 605 3279 Nam
627 3237 713 3300 quum
740 3229 841 3280 auctor
868 3219 1086 3282 declamationis
1109 3241 1134 3282 o.
1160 3225 1188 3284 7.
1210 3221 1284 3282 haec

118 3331 238 3391 babeat:
267 3349 329 3408 „oe
349 3345 496 3390 causeum
517 3329 633 3391 diceret
653 3331 789 3392 sestertio
811 3329 969 3392 duodecies
999 3351 1061 3393 curn
1084 3332 1211 3394 Caesare
1234 3350 1283 3413 pa·

120 3443 277 3518 ciscitnr,“
296 3450 398 3520 aperte
417 3438 501 3516 dicit,
522 3449 688 3502 accusatum
709 3459 767 3504 non
788 3459 873 3520 esse,
897 3440 950 3501 sed
972 3443 1070 3523 inepte
1093 3443 1283 3504 comminisci·

118 3564 162 3616 tur
179 3568 284 3629 magna
303 3550 456 3628 mercede,
477 3568 514 3610 ne
534 3551 561 3610 in
580 3551 625 3612 ius
646 3560 819 3630 vocaretur,
841 3569 857 3612 a
879 3550 1007 3613 Caesare
1028 3563 1186 3615 mercatum
1205 3571 1283 3614 esse.

119 3664 144 3724 Α
171 3663 369 3724 declamatore
397 3671 492 3722 autern
522 3661 560 3720 ita
588 3659 711 3722 discedit
732 3661 788 3722 Dio
808 3660 928 3722 Cassius
956 3662 974 3721 l.
996 3663 1031 3740 l.,
1061 3675 1090 3724 ut
1117 3673 1284 3725 accusatum

120 3766 232 3854 quidem
260 3772 385 3849 referat,
415 3770 468 3832 scd
495 3789 510 3830 a
535 3769 664 3832 Caesare
692 3770 854 3850 dimissum,
884 3790 919 3832 ac
944 3774 1026 3835 simul
1053 3793 1157 3852 magna
1182 3793 1219 3833 ex
1246 3791 1282 3834 eo

118 3885 231 3946 infamia
249 3891 408 3960 oneratum,
428 3880 517 3963 quod,
538 3899 623 3960 quum
638 3882 666 3942 in
682 3882 800 3961 scriptis
816 3883 875 3942 suis
889 3883 977 3944 multa
993 3892 1022 3944 et
1039 3902 1143 3945 severa
1160 3884 1196 3944 de
1213 3884 1283 3943 alio·

119 4015 177 4056 rum
193 3994 312 4055 avaritia
328 3993 441 4054 tulisset
456 3990 572 4070 indicia,
586 3994 652 4072 ipse
668 3990 758 4054 verba
775 4011 825 4054 sua
843 4011 941 4072 parum
956 4005 1074 4056 secutus
1090 4002 1178 4055 esset.
1201 3993 1283 4068 Quae

119 4108 191 4168 unde
214 4104 347 4168 rescierit
361 4101 433 4180 Dio,
455 4119 513 4162 non
534 4101 639 4181 liquet;
663 4103 716 4161 nisi
736 4111 765 4162 et
785 4105 850 4181 ipse
867 4111 977 4164 temere
996 4105 1122 4166 collecta
1143 4122 1197 4163 nec
1213 4103 1284 4163 satis

119 4217 264 4278 intellecta
277 4231 331 4295 pro
347 4213 454 4291 ingenii
470 4213 512 4272 sui
530 4219 616 4289 captu
630 4211 758 4289 protulit,
779 4211 853 4272 adeo
870 4211 897 4271 in
911 4231 946 4273 ea
963 4233 995 4274 re
1011 4233 1027 4275 a
1046 4232 1118 4274 vero
1134 4213 1283 4292 aberrans,

118 4336 147 4386 ut
170 4325 299 4386 Sallustii
320 4324 429 4402 scripta
451 4329 517 4382 ante
541 4319 709 4399 provinciae
733 4320 1006 4382 administrationem
1024 4321 1100 4384 edita
1115 4333 1240 4403 putaret.
