2994 4846
475 749 518 829 G.
540 745 801 830 SALLUSTI
823 748 998 832 CRISPI

219 873 750 1039 'mrsuoumuum
784 934 1248 1042 FRAGMENTA

627 1135 839 1202 INOERTA.

605 1305 868 1328 -r-———--

237 1433 264 1490 1.
288 1431 381 1506 Quum
405 1430 552 1491 Sertorius
570 1448 666 1509 neque
690 1450 845 1511 erumpere
868 1439 924 1491 tam
944 1433 1003 1494 levi
1026 1437 1113 1514 copia
1136 1437 1266 1498 navibus.

234 1540 263 1600 2.
288 1540 326 1601 At
347 1541 496 1602 Sertorius
515 1559 626 1602 vacuus
649 1542 742 1602 hieme
764 1561 874 1622 augere
898 1545 1010 1624 copias.
1216 1531 1219 1542 ¹

235 1650 264 1712 3.
287 1649 375 1712 Cales
395 1653 497 1713 ciuitas
519 1662 564 1713 est
585 1651 777 1732 Campaniam
801 1672 865 1714 nam
882 1654 910 1712 iu
930 1653 1068 1716 Flaminia
1091 1675 1167 1737 quae
1188 1668 1233 1718 est
1250 1657 1321 1719 Cale

149 1760 263 1821 dicitur.
308 1762 362 1823 Est
385 1773 414 1825 et
436 1766 464 1824 in
487 1763 636 1826 Gallaecia
655 1763 712 1823 hoc
735 1765 860 1841 nomine,
885 1759 990 1846 [quum
1011 1764 1183 1829 Sallustius
1204 1787 1224 1829 u
1247 1770 1321 1830 Per·

148 1889 250 1948 perna
272 1880 398 1953 captum
421 1870 661 1958 commemorat]

235 1985 264 2043 4.
289 1973 426 2063 Speciem
450 1994 554 2064 captae
577 1983 656 2045 urbis
675 1983 796 2045 eiicere
818 1983 1015 2045 discedentes.
1118 2043 1125 2056 ,

234 2095 263 2154 5.
284 2095 323 2156 Ut
345 2112 394 2154 res
414 2097 508 2173 magia
527 2113 610 2176 quam
632 2094 722 2157 verba
745 2103 930 2172 gererentur,
954 2094 1066 2156 liberos
1083 2108 1278 2178 parentesque
1295 2102 1324 2161 iu

148 2203 237 2262 muris
259 2204 438 2267 locaverant.

234 2314 263 2375 6.
284 2316 424 2377 Radioem
445 2318 550 2378 incutis
573 2316 712 2375 excessit.

234 2428 265 2487 7.
287 2426 437 2489 Paululum
458 2427 598 2506 requietis
621 2424 767 2486 militibus.

234 2536 262 2597 8.
287 2536 429 2598 Consedit
446 2539 474 2598 in
497 2538 576 2599 valle
599 2535 725 2614 virgulta
749 2545 975 2616 nemorosaque.

232 2647 261 2706 9.
284 2646 331 2707 Ex
360 2657 443 2728 parte
473 2647 636 2708 cohortium
661 2646 836 2725 praecipere
864 2647 1022 2724 instructa,
1053 2655 1082 2707 et
1110 2649 1250 2708 stationes
1279 2651 1322 2711 lo·

149 2763 231 2814 catae
254 2773 308 2834 pro
332 2758 444 2816 castris.

235 2864 285 2924 10.
307 2865 340 2925 ln
362 2865 489 2926 secunda
512 2866 633 2926 iestinus
656 2863 795 2924 cohortes
818 2873 1034 2941 composuerat.

234 2976 283 3037 11.
307 2976 366 3036 Sed
388 2976 435 3037 ubi
458 2985 591 3058 tempore
613 2978 678 3036 anni
700 2991 779 3034 mare
806 2972 949 3033 classibus
972 2974 1146 3053 patefactum
1170 2987 1224 3038 est.

181 3161 227 3211 Fr.
255 3163 290 3230 1.]
314 3164 391 3217 Serv.
417 3166 453 3217 ud
477 3164 555 3230 Virg.
580 3164 648 3216 Aen.
673 3163 711 3228 II,
754 3161 784 3225 (i.
809 3176 832 3213 e.
857 3161 1070 3226 propinquorum
1093 3162 1222 3229 aspectu)
1242 3168 1321 3231 mopio

149 3239 209 3291 564,
754 3254 827 3304 quom
853 3239 937 3290 verbis
959 3241 1115 3292 imitamento
1144 3243 1180 3292 ad
1205 3244 1319 3294 uirtutem

180 3318 227 3367 Fr.
246 3315 284 3382 2.]
305 3317 437 3384 Porphyr.
463 3319 497 3369 ad
521 3319 619 3368 Horat.
641 3321 710 3384 Epp.
753 3322 891 3369 uterentur.
1096 3325 1098 3329 '

145 3394 192 3458 ΙΙ,
213 3397 247 3458 2,
266 3397 310 3446 77.
328 3424 363 3434 -
378 3398 480 3447 Vacuus
499 3395 652 3463 significat:
672 3401 714 3448 cai
787 3393 834 3444 Fr·
853 3393 892 3461 6.]
913 3392 1005 3446 Schol.
1020 3394 1053 3445 ad
1067 3393 1140 3448 stat.
1159 3396 1245 3449 Theb.
1265 3397 1319 3462 III,

144 3475 221 3524 olium
239 3481 307 3524 esset
324 3475 356 3524 ab
375 3473 495 3526 hostr'has.
757 3469 814 3521 116.

180 3550 226 3602 Fr.
245 3549 284 3616 3.]
305 3550 380 3602 Serv,
401 3551 435 3601 ad
460 3552 536 3617 Virg.
559 3552 627 3602 Aen.
647 3551 711 3614 VII,
788 3549 835 3598 Fr.
854 3544 893 3612 7.]
919 3546 994 3598 Serv.
1013 3548 1048 3598 ad
1066 3548 1142 3613 Virg.
1161 3546 1220 3600 Eoi.
1240 3550 1318 3614 VIII,

148 3626 209 3678 728.
754 3628 830 3676 4.-
846 3625 975 3689 depalatis
993 3625 1132 3692 significat
1149 3628 1260 3691 requiete
1278 3644 1321 3677 re-

179 3704 227 3754 Fr.
245 3701 283 3770 4.]
304 3703 380 3755 Serv.
400 3705 435 3756 ad
451 3706 529 3772 Virg.
548 3703 616 3755 Aen.
633 3704 712 3768 VIII,
752 3704 842 3767 sertim
863 3699 899 3750 ci.
918 3702 979 3753 Liv.
998 3703 1102 3766 XLIV,
1122 3701 1171 3767 38,
1192 3704 1218 3754 8.

146 3780 207 3832 667.
787 3779 833 3828 Fr.
852 3775 890 3842 8.]
917 3778 991 3828 Serv.
1015 3780 1050 3830 ad
1074 3782 1151 3847 Virg.
1174 3783 1243 3833 Aen.
1263 3781 1316 3846 III,

180 3858 228 3907 Fr.
246 3855 284 3922 5.]
307 3857 397 3910 Schol.
415 3857 451 3909 ad
467 3858 550 3908 Statii
569 3856 655 3906 Theb.
675 3857 709 3918 Χ,
754 3853 814 3905 516.

26 3915 33 3926 '
145 3934 206 3989 573.
232 3934 331 4000 Agitur
357 3935 390 3986 do
414 3934 557 4001 oppidanis
581 3934 710 3997 16111111,
787 3932 834 3982 Fr.
854 3930 894 3997 9.]
920 3931 997 3982 Serv.
1016 3932 1050 3983 ud
1069 3933 1144 3999 Virg.
1166 3935 1233 3985 Aen.
1251 3934 1315 3998 XII,

145 4012 206 4075 qui,
224 4014 255 4061 ul
270 4013 344 4062 cives
360 4026 437 4076 suos,
456 4012 616 4063 excursione
633 4010 709 4060 facta
753 4008 814 4059 661.

112 4093 117 4103 ·
146 4091 210 4137 aute
231 4091 325 4152 portas
353 4104 413 4140 cum
442 4088 566 4139 hostibus
590 4101 709 4152 pugnam
787 4085 834 4139 Fr.
855 4083 909 4150 lo]
931 4085 1008 4138 Serv.
1027 4087 1063 4140 ad
1081 4088 1156 4154 Virg.
1180 4089 1247 4141 Aen.
1267 4089 1316 4151 IX,

145 4170 333 4229 conserentes,
362 4166 398 4216 ad
421 4166 552 4217 virtutem
580 4164 711 4216 accende·
751 4162 811 4215 488.
1288 4223 1294 4234 Ι

144 4245 219 4303 rent,
243 4240 345 4294 liberos
367 4247 550 4308 parentesque
571 4241 600 4290 iu
626 4241 709 4290 muris
784 4241 831 4290 Fr.
854 4238 909 4307 11.]
940 4242 1016 4293 Serv.
1042 4242 1076 4293 ad
1099 4242 1174 4307 virg.
1198 4243 1265 4292 Aen.
1291 4243 1315 4304 1,

144 4319 313 4372 locaverant.
352 4320 528 4372 Sensissent:
551 4326 579 4369 ut
600 4333 629 4368 re
650 4319 708 4381 Ipsa
752 4318 811 4372 146.

213 4423 368 4467 snuuuar.
1064 4403 1104 4464 22
