3024 4852
572 277 747 326 cnrrnrnn.
782 278 812 326 c.
837 279 897 326 mr.
1273 269 1314 330 95

104 444 137 495 25
149 435 268 513 timere,
302 453 387 515 quum
409 453 472 496 eam
495 435 524 495 in
544 435 655 495 maiore
678 433 866 514 neglexeris?
910 435 949 496 At
971 437 1045 496 enim
1069 437 1133 515 quis
1159 438 1317 517 repreben-

148 546 212 624 det,
235 546 314 627 quod
335 549 363 606 in
385 546 546 627 parricidas
568 545 749 625 reipublicae
773 544 921 606 decretum
945 545 1020 607 erit?
1065 547 1210 627 Tempus,
1241 549 1333 630 dies,

103 664 137 714 ‘26
149 657 279 737 fortuna,
304 660 384 718 cuius
402 656 500 718 lubido
522 656 657 736 gentibus
677 655 851 716 moderatur.
886 657 948 718 lllis
966 660 1068 718 merito
1088 659 1218 738 accidet,
1239 662 1318 739 qnic·

107 828 111 836 ,
149 768 218 846 quid
240 770 388 837 evenerit;
418 779 547 830 ceterum
575 785 645 846 vos,
676 775 776 846 patres
804 769 978 848 conscripti,
1009 770 1077 848 quid
1108 772 1134 831 in
1158 771 1232 832 alios
1262 743 1320 832 sta-⁴

103 883 135 932 27
148 879 252 966 ΨΒ,
275 878 469 940 considerate.
515 878 615 940 Omnia
639 878 713 938 mala
735 879 870 958 exempla
891 897 929 939 er
947 878 1031 940 bonis
1054 891 1117 942 orta
1140 892 1214 946 sunt.
1259 861 1318 943 Sed

146 987 195 1047 ubi
218 989 368 1069 imperinm
396 990 431 1051 ad
462 985 582 1068 ignaros
612 999 659 1050 aut
687 989 778 1048 minus
808 989 903 1052 bonos
932 992 1081 1071 pervenit,
1113 1009 1217 1052 novum
1248 992 1317 1053 illud

147 1099 311 1179 exemplum
334 1101 371 1161 ab
392 1101 487 1178 dignis
509 1108 538 1160 et
561 1100 673 1160 idoneis
695 1097 730 1157 ad
751 1099 887 1178 indignos
905 1089 937 1164 ct
956 1122 1014 1164 non
1036 1103 1159 1163 idoneos
1178 1104 1317 1164 transier-

63 1267 65 1274 ,
103 1217 204 1269 28tur.
240 1211 470 1275 ‚Lacedaemonii
495 1211 616 1271 devictis
637 1208 864 1271 Atheniensibus
893 1215 1008 1291 triginta
1038 1215 1118 1275 viros
1141 1215 1317 1293 imposuere,
1398 1281 1400 1286 ,
1436 1181 1438 1188 Ι

103 1333 137 1383 29
149 1321 197 1398 qui
225 1320 434 1401 rempublicam
463 1339 563 1382 eorum
592 1327 758 1380 tractarent.
808 1321 843 1381 Hi
874 1325 966 1404 primo
995 1343 1124 1404 coepere
1153 1342 1318 1405 pessumum

148 1448 292 1509 quemque
321 1442 350 1492 ct
373 1432 504 1493 omnibus
534 1431 654 1491 invisum
677 1429 869 1492 indemnatum
894 1453 1017 1506 necare;
1046 1456 1080 1498 ea
1110 1436 1237 1516 populus
1259 1435 1317 1496 lae·

105 1551 139 1601 30
152 1543 205 1601 tari
229 1550 258 1600 et
280 1545 383 1604 merito
404 1545 503 1605 dicere
523 1542 596 1602 lieri.
618 1577 620 1582 ,
641 1540 726 1618 Post,
750 1540 798 1600 ubi
817 1544 951 1624 paulatim
971 1545 1088 1609 licentia
1108 1550 1217 1626 crevit,
1240 1549 1318 1608 iuxta

104 1661 135 1712 31
149 1650 245 1714 bonos
273 1664 302 1714 et
330 1655 422 1715 malos
449 1653 612 1715 lubidinose
641 1652 821 1730 interlicere,
852 1665 968 1716 ceteros
997 1667 1072 1718 metu
1100 1665 1222 1718 terrere.
1274 1656 1317 1718 lta

104 1764 250 1825 assirius
272 1767 412 1826 servitute
432 1782 577 1845 oppressa
601 1761 705 1821 stultae
729 1761 855 1825 laetitiae
874 1769 973 1844 gravis
993 1787 1104 1847 poenas
1126 1769 1213 1829 dedit.
1257 1768 1315 1828 No·

146 1974 315 2020 occurratur.
354 1963 456 2020 ludin
483 1972 545 2020 enim
576 1964 711 2033 particula
787 1965 882 2032 nocam]
900 1969 1003 2022 Gallide
1019 1972 1134 2037 Caesar,
1153 1972 1316 2039 quodmodo

146 2051 254 2110 spectat
277 2048 312 2098 ad
336 2047 513 2112 supplendam
537 2047 709 2107 sententiam,
753 2043 839 2094 bonum
862 2049 1014 2114 exemplum
1037 2050 1156 2115 dixerat,
1176 2052 1230 2100 iam
1251 2051 1317 2102 dicit

145 2138 199 2187 qne
214 2125 358 2190 occupatio
368 2125 494 2174 infertur:
510 2133 537 2174 nt
554 2152 585 2162 -
600 2125 640 2174 ita
648 2125 711 2172 enim
752 2138 851 2187 nonum,
874 2128 938 2191 quia
957 2131 1043 2180 omnis
1062 2130 1120 2180 eins
1138 2132 1239 2193 oratio,
1263 2144 1317 2196 quo

77 2270 79 2274 Ι
145 2201 246 2268 aliquis
265 2208 379 2270 quaerat
400 2231 435 2239 —
458 2203 517 2269 quis
535 2201 711 2266 reprehendet
752 2202 913 2266 supplicium
945 2208 1148 2258 coniuratorum
1175 2206 1317 2273 impediat,

145 2286 198 2332 ete.
753 2296 784 2330 eo
803 2281 943 2348 dirigitur,
963 2290 994 2335 ut
1014 2286 1112 2351 probet
1134 2302 1242 2338 nonum
1258 2301 1316 2336 eon·

177 2385 338 2453 parricidas]
358 2405 384 2440 v.
404 2392 439 2441 ad
461 2391 522 2443 bat.
544 2391 587 2453 14,
605 2388 630 2440 3.
750 2442 778 2488 et
795 2440 827 2490 41

786 2541 868 2606 dipnis
886 2551 912 2592 et
928 2543 1035 2609 idoneis]
1060 2546 1150 2611 Dipaia
1168 2561 1206 2596 sc.
1222 2543 1316 2608 poend.

751 2646 784 2654 —
804 2619 896 2670 Idonei
911 2620 937 2670 b.
964 2619 982 2673 l.
1008 2627 1085 2685 aunt,
1109 2625 1138 2673 in
1158 2640 1225 2688 quos
1243 2628 1317 2674 reete

752 2712 840 2761 poena
859 2699 988 2748 constitui
1008 2704 1056 2749 aut
1080 2700 1226 2751 crudelitas
1242 2717 1316 2752 exer·
1375 2723 1377 2728 v

753 2775 808 2825 ceri
822 2775 910 2838 possit
926 2774 1090 2841 (germanice
1105 2778 1253 2843 qeeiqnete).

180 2501 286 2556 ternpus,
306 2489 371 2558 dies]
391 2493 469 2543 Haec
487 2493 527 2543 ita
547 2492 652 2542 differre
670 2491 709 2541 vi·

144 2570 255 2633 dentur,
274 2575 304 2620 ut
321 2579 427 2634 ternpus,
446 2571 544 2636 quippe
562 2570 710 2633 latiuspa-

144 2653 220 2709 tens,
256 2649 417 2714 praegnanti
453 2664 535 2700 sensu
571 2649 709 2698 anticessum

144 2729 261 2790 temporis
292 2727 422 2778 decursum
454 2736 479 2778 et
510 2728 711 2791 longinquitatem

145 2805 294 2870 significet,
323 2805 378 2854 dies
402 2817 467 2855 vero
493 2803 628 2868 singulas·
645 2806 711 2852 tem-

144 2883 218 2946 poris
247 2881 397 2947 particulas
430 2884 503 2931 camo
531 2897 615 2931 rerum
641 2888 712 2930 stato
788 2877 831 2928 28.
849 2877 953 2928 deuictis
978 2879 1182 2946 Atheniensibus]
1210 2883 1252 2931 Ex
1275 2894 1316 2945 eo',

145 2962 271 3012 discretus
288 2959 411 3020 denotet3
428 2959 465 3009 ci.
483 2960 544 3012 Liv.
560 2959 602 3022 11,
621 2960 664 3020 45,
684 2959 710 3012 2.
753 2953 826 3021 quod
844 2955 946 3004 devictis
960 2957 1077 3020 priorem
1094 2957 1183 3008 locum
1202 2958 1316 3021 obtinet,
1382 2965 1385 2970 '

143 3038 215 3087 Diem
232 3045 373 3101 tempusque
392 3035 504 3098 sonatan
528 3039 607 3098 ipsum
626 3038 712 3088 lentu—
754 3032 951 3084 coniiciendum
966 3033 1074 3085 videtur
1085 3036 1153 3086 baec
1166 3037 1250 3088 verba
1261 3053 1316 3087 non

145 3130 198 3164 narn
216 3117 279 3163 iras.
305 3109 343 3162 id.
362 3111 455 3174 XXII,
479 3111 528 3175 39,
555 3113 597 3163 12.
620 3111 711 3162 Metto·
754 3110 863 3160 dativos
886 3125 961 3176 esse,
986 3111 1033 3161 aad
1051 3112 1188 3166 ablativos
1209 3115 1317 3167 absolu-

144 3207 203 3249 res,
232 3190 427 3252 prudentiores,
458 3193 639 3242 constantiores
665 3206 711 3240 nos
752 3193 809 3252 tos,
828 3203 897 3255 quae
915 3192 1066 3255 structure,
1083 3193 1267 3259 quiaenussae
1283 3195 1317 3244 si-

106 3300 108 3306 .
143 3276 237 3330 tempus
257 3267 359 3331 diesque
373 3266 449 3330 facit.
752 3265 807 3316 mul
830 3271 912 3332 atque
929 3271 1046 3331 temporis
1066 3271 1248 3337 significatum
1270 3272 1318 3322 ba-

751 3345 812 3407 bet,
836 3344 921 3395 multo
941 3346 1074 3410 aptiorem
1097 3365 1207 3403 sensum
1234 3367 1314 3416 quam

751 3423 861 3473 dativus
890 3423 1017 3487 praebet,
1047 3442 1100 3491 quo
1129 3429 1315 3480 tantummodo

751 3501 887 3551 obiectum
905 3501 1050 3554 indicatur.

179 3376 222 3428 26.
236 3375 355 3442 retemta]
374 3377 574 3430 Adversativae
590 3378 710 3443 particu-

126 3455 185 3516 ,lae
210 3470 320 3506 sensum
339 3457 444 3522 accepit
462 3457 506 3508 hic
524 3457 708 3520 accusativus,

143 3533 222 3599 qnia,
246 3523 324 3598 qnae,
352 3537 447 3586 omissis
473 3538 512 3586 vel
534 3535 708 3595 seclusistis,

142 3628 207 3678 qnae
224 3612 386 3663 antea'dicta
403 3621 474 3674 eunt,
495 3615 636 3673 adduntur,
654 3612 710 3677 ple·
785 3603 938 3670 imimitere]
962 3605 1093 3657 Ab⁸⁰l¹1i0
1115 3608 1234 3671 P⁰⁸3l¹¹m
1256 3624 1315 3659 VO?-

144 3705 256 3754 sumque
280 3689 314 3740 iia
335 3691 461 3756 opposita
484 3696 560 3754 gunt3
586 3692 622 3741 ef,
646 3691 709 3757 Iug,
749 3684 814 3733 bum
829 3684 968 3750 significat
982 3686 1316 3749 praesectnmconstitnere5

142 3771 171 3832 2,
193 3770 220 3818 4.
245 3769 290 3830 14,
317 3767 425 3833 12.·52,
452 3770 477 3820 1.
498 3770 544 3834 76,
565 3771 590 3820 1.
614 3769 709 3834 82,1,
751 3761 787 3811 cf.
806 3761 872 3812 Tac.
894 3761 964 3812 Ann.
985 3762 1031 3825 ΙΙ,
1056 3763 1088 3825 3,
1111 3763 1138 3816 3.
1163 3765 1229 3814 Dein
1247 3768 1315 3816 iussn

142 3845 192 3909 91,
211 3845 236 3896 6.
399 3867 403 3874 ·
750 3837 860 3904 Aepuati
876 3840 1041 3901 impositas
1059 3839 1231 3891 Artavasdes.

177 3957 221 4007 27.
240 3953 356 4022 iqnaros]
381 3971 422 4006 ac.
441 3955 553 4020 originis
574 3956 707 4006 bonorum
787 3936 829 3988 29·
847 3953 879 3987 ‘a
896 3963 932 3974 “
950 3935 1054 4003 laetari]
1072 3939 1107 3988 Οἳ·
1127 3939 1250 4016 Iud-,142
1270 3941 1314 3992 22·

143 4033 335 4098 exemplorum.
366 4031 467 4088 Sensus
487 4036 542 4082 est:
560 4033 608 4082 ubi
625 4034 708 4098 impe·
751 4014 949 4064 limandum
978 4018 1057 4079 ''²09ss
1087 4033 1159 4108 W
1187 4018 1316 4067 Memfim

141 4112 210 4161 rium
235 4112 358 4176 pervenit
381 4110 418 4160 ad
442 4125 503 4172 eoa,
530 4110 577 4174 qui
601 4110 646 4159 vel
663 4126 709 4160 ne·
748 4099 810 4154 lim
840 4107 945 4142 mum
975 4099 1065 4143 suum·
1100 4093 1155 4148 ⁰¹⁰·
1186 4097 1257 4159 Etr·
1279 4092 1315 4144 δᾶ

141 4190 245 4251 sciunt,
270 4187 404 4254 quomodo
429 4187 539 4254 aliquod
558 4187 708 4252 exemplum
750 4172 855 4221 mmm·
874 4170 943 4232 VH,
965 4172 994 4232 l,
1014 4171 1039 4222 Ῑ·
1070 4172 1204 4237 (similae
1220 4172 1313 4226 laem?-

140 4281 189 4331 per
203 4280 231 4316 ae
246 4265 346 4316 bonum
361 4270 449 4318 ortum
464 4265 513 4328 ait,
531 4262 575 4314 vel
589 4279 621 4314 eo
634 4267 709 4316 recte
785 4261 828 4313 30.
854 4259 939 4327 iuxta]
963 4263 983 4314 i.
1011 4277 1035 4312 e.
1062 4262 1120 4312 sine
1148 4261 1314 4330 discrimine,

141 4344 182 4393 nti
200 4341 305 4395 nolunt.
686 4389 691 4398 ,
749 4338 861 4404 pariter.

750 2361 830 2411 ailiam
845 2377 900 2412 non
917 2379 977 2415 esse
993 2365 1167 2430 capiendum
1183 2366 1219 2418 cf.
1232 2369 1256 2429 §-
1273 2366 1315 2418 18.
1395 2413 1400 2422 .
