3028 4852
236 269 276 328 14
602 280 876 330 Paouaaouann.
922 282 997 331 cur.
1018 285 1044 332 w1.

319 435 412 513 Igitur
437 433 522 515 quum
546 437 710 517 aequalium
733 438 909 517 scriptorum
930 439 1213 528 testimoniis'plane
1239 440 1308 502 nihil
1332 443 1408 502 certi
1493 455 1494 512 ,

235 546 272 606 de
296 547 442 624 corruptis
464 547 593 608 Sallustii
615 547 744 608 moribus
767 558 895 627 constet,
926 551 1069 611 seriorum
1097 559 1192 611 autem
1215 569 1306 631 prava
1335 551 1407 612 iudi·

235 660 280 718 cia
309 673 367 716 non
393 658 531 718 maiorem
556 659 642 720 fidem
668 667 833 719 mereantur
861 677 945 738 quam
975 662 1102 740 priorum
1127 662 1287 722 calumniae
1317 671 1407 741 atque
1493 703 1494 724 i

235 769 382 847 ineptiae,
411 769 465 829 nisi
488 768 694 848 praeiudicatis
723 770 820 849 potius
849 771 1034 849 opinionibus
1061 770 1125 832 duci
1152 772 1293 834 malumus
1320 793 1408 852 quam

235 876 262 938 id
286 879 385 958 sequi,
416 878 493 958 quod
523 889 604 940 recta
637 881 710 938 ratio
741 879 857 957 suadet,
888 881 1068 942 statuendum
1097 892 1157 959 est,
1186 884 1266 945 nullo
1295 903 1408 961 eorum,

235 1005 357 1067 quorum
377 991 515 1050 memoria
538 1009 576 1050 ex
598 989 767 1066 antiquitate
791 990 825 1050 ad
848 1007 902 1050 nos
925 995 1072 1072 pervenit,
1096 994 1204 1072 quique
1226 995 1275 1056 vel
1297 995 1336 1054 ob
1357 1013 1408 1055 res

235 1109 337 1178 gestas
359 1101 408 1160 vel
432 1099 470 1160 ob
493 1100 602 1176 ingenii
626 1109 809 1160 monumenta
838 1099 909 1160 clari
936 1102 1094 1182 habentur,
1124 1103 1290 1165 Sallustium
1312 1105 1405 1164 luisse

236 1210 365 1271 moribus
389 1211 566 1272 interiorem.
611 1209 643 1270 ln
667 1211 785 1288 scriptis
807 1228 879 1270 vero
907 1214 1113 1274 sententiarum
1135 1216 1280 1292 gravitate
1304 1233 1339 1276 ac
1361 1235 1407 1274 se·

235 1323 374 1400 veritate,
395 1321 563 1382 iudiciorum
582 1324 721 1400 veritate,
743 1324 828 1401 aequi
848 1322 974 1401 bonique
994 1341 1081 1386 sensu
1099 1324 1294 1402 validissimo,
1316 1343 1408 1385 verae

236 1433 394 1509 libertatis,
417 1431 610 1493 alienissimae
632 1433 708 1494 illius
729 1451 744 1493 a
769 1432 901 1510 libidine,
925 1451 1034 1494 summo
1057 1452 1170 1513 amore,
1194 1436 1287 1496 animo
1310 1455 1408 1495 rerum

235 1545 421 1605 humanarum
438 1560 556 1621 semper
578 1562 722 1622 memore,
754 1543 879 1623 denique
901 1544 992 1604 omnis
1014 1545 1196 1624 turpitudinis
1219 1556 1249 1607 et
1266 1547 1406 1608 malarum
1493 1621 1494 1624 Ἴ

236 1655 337 1716 artium
360 1652 428 1714 odio
446 1653 533 1714 talem
553 1672 587 1714 se
609 1654 747 1733 praebet,
768 1664 798 1716 ut
821 1656 889 1716 fere
905 1653 1038 1715 omnibus
1057 1656 1248 1736 scriptoribus
1270 1659 1408 1737 superior

236 1773 393 1845 appareat,
424 1773 453 1824 et
482 1763 517 1824 ad
540 1764 632 1826 Taciti
657 1768 862 1845 praestantiam
890 1766 972 1829 solus
1002 1783 1086 1844 quarn
1116 1770 1248 1845 proxime
1273 1767 1406 1828 accedat.

236 1873 483 1946 Conceduntboc
504 1893 623 1946 omnes;
647 1875 700 1936 sed
720 1894 777 1956 quo
800 1878 995 1957 praestantior
1017 1877 1074 1936 hoo
1095 1878 1210 1938 nomine
1233 1879 1408 1957 reperiatur,

235 2006 272 2048 eo
295 1986 538 2065 contemptionem
561 2004 596 2045 ac
621 1985 962 2074 detestabilioremesse
985 1987 1098 2065 dicunt,
1129 1988 1207 2066 quod
1230 1990 1289 2050 vita
1313 1999 1409 2050 tanto-

236 2116 347 2179 perea
375 2096 493 2175 scriptis
524 2095 726 2176 discrepuerit.
753 2145 755 2149 ,
778 2098 862 2174 Quod
892 2107 920 2157 ut
942 2115 1043 2158 verum
1070 2097 1163 2176 foret,
1194 2101 1233 2177 si,
1261 2117 1335 2177 quae
1366 2099 1411 2160 illi

236 2209 305 2268 vitio
328 2207 448 2282 dantur,
472 2223 541 2266 vera
565 2215 595 2266 et
619 2217 769 2286 comperta
788 2218 905 2285 essent,
930 2209 969 2270 ita
991 2227 1041 2268 res
1061 2209 1124 2288 ipsa
1146 2209 1247 2287 docet,
1277 2207 1411 2268 Sallustii

236 2319 466 2396 vituperatores,
495 2334 580 2395 quum
609 2335 672 2376 eum
703 2317 863 2380 dissolutae
890 2320 968 2380 vitae
991 2329 1146 2398 accusant,
1175 2329 1204 2380 et
1232 2329 1327 2380 tamen
1356 2320 1410 2379 ho-

236 2436 320 2488 neste
343 2425 498 2504 scripsisse
524 2425 636 2505 dicunt,
668 2445 768 2506 parum
790 2429 826 2490 ad
852 2430 959 2506 ingenii
989 2430 1102 2490 humani
1129 2439 1258 2491 naturam
1286 2432 1410 2490 animum
1491 2412 1492 2440 ³

236 2536 410 2613 attendisse,
440 2553 535 2614 neque
556 2545 725 2617 reputasse,
753 2539 830 2600 aliud
853 2558 920 2600 esse
943 2540 1070 2600 solerter
1100 2549 1129 2599 et
1157 2542 1311 2620 ingeniose
1336 2542 1409 2600 scri-

235 2648 322 2725 bere,
356 2645 431 2706 aliud
453 2644 635 2710 honestatem
660 2648 689 2706 in
714 2650 833 2728 scriptis
861 2650 955 2728 sequi.
999 2649 1074 2710 lllud
1097 2649 1172 2712 haud
1201 2669 1267 2712 raro
1297 2653 1325 2712 in
1354 2669 1410 2712 eos

224 2757 327 2835 cadit,
357 2757 406 2836 qui
435 2773 545 2816 morum
573 2757 695 2818 levitate
725 2769 755 2819 et
778 2758 961 2839 cupidinibus
991 2759 1019 2817 in
1045 2777 1165 2838 pravum
1187 2761 1409 2832 abstrahuntur;

235 2869 293 2930 lroc
319 2867 427 2929 frustra
457 2879 615 2949 exspectes
646 2869 681 2930 ab
710 2871 759 2946 iis,
789 2873 837 2949 qui
865 2879 944 2930 totos
973 2887 1006 2928 se
1034 2869 1069 2930 ad
1097 2872 1174 2932 vitae
1204 2873 1409 2952 turpitudinem

237 2979 432 3057 demiserunt,
460 2997 495 3040 ac
524 2998 646 3060 prorsus
672 2979 707 3040 ad
736 2980 872 3044 libidines
900 2979 1077 3061 pessumdati
1103 2990 1176 3042 sunt.
1222 2983 1339 3062 Quippe
1370 3003 1410 3042 ex

236 3099 314 3151 tanta
337 3088 582 3168 labeffiemergere
605 3101 766 3170 nequeunt,
796 3102 825 3153 et
848 3091 925 3171 quod
948 3093 976 3150 in
996 3090 1054 3150 vita
1079 3108 1197 3171 semper
1220 3094 1312 3154 secuti
1333 3103 1408 3170 sunt,

237 3199 265 3260 id
288 3201 315 3258 in
338 3199 456 3278 scriptis
483 3217 540 3260 non
562 3199 710 3262 deserunt.
756 3201 868 3277 Quodsi
895 3220 934 3262 ex
961 3200 1036 3262 omni
1064 3202 1233 3281 antiquitate
1265 3204 1409 3264 neminem

238 3317 352 3370 constat
372 3326 483 3369 morum
505 3312 633 3390 nequitia
656 3312 791 3372 infamem
813 3313 841 3372 in
864 3313 983 3392 scriptis
1003 3312 1082 3389 veri,
1109 3313 1193 3390 iusti,
1223 3314 1339 3375 honesti
1362 3333 1408 3376 as·

238 3427 382 3480 sertorem
403 3428 432 3479 et
456 3429 607 3498 patronum
630 3423 797 3499 exstitisse,
829 3422 964 3503 prolecto
987 3423 1142 3483 Sallustius
1167 3424 1203 3484 ab
1226 3425 1334 3502 ingenii
1355 3424 1407 3484 lru-

236 3530 312 3590 mani
331 3538 431 3590 natura
454 3529 611 3592 deflexisse
630 3531 773 3612 putandus
795 3532 886 3609 soret,
910 3533 1019 3594 situlis
1040 3534 1160 3611 luisset,
1184 3535 1299 3613 qualem
1316 3535 1409 3613 iniqui

237 3650 267 3702 et
295 3639 450 3702 inconsulti
478 3643 693 3721 vituperatores
723 3663 788 3704 eum
821 3644 912 3706 luisse
942 3645 1052 3704 volunt.
1107 3643 1153 3704 An
1182 3644 1321 3706 credibile
1350 3653 1409 3720 est,

239 3769 325 3830 quum
348 3751 495 3828 veritatis,
527 3752 576 3831 qui
601 3753 668 3813 lons
691 3762 720 3814 et
746 3753 918 3832 principium
950 3762 995 3814 est
1024 3755 1117 3816 omnis
1144 3755 1321 3832 honestatis,
1352 3773 1409 3834 per

238 3862 332 3922 omnia
356 3861 598 3924 retinentissimus
616 3863 799 3942 reperiatur,
822 3865 885 3924 veri
906 3882 1023 3924 sensnm
1041 3873 1098 3927 tam
1119 3867 1316 3945 incorruptum
1337 3875 1409 3926 tam·

236 3989 293 4050 que
319 3970 444 4032 validum
473 3972 501 4030 in
531 3990 568 4032 eo
597 3974 700 4051 vigere
729 3974 874 4052 potuisse,
910 3975 934 4034 si
961 3975 1135 4055 turpissimis
1164 3975 1328 4038 libidinibus
1356 3977 1411 4037 oh-

236 4082 356 4158 noxius,
384 4081 567 4159 gravissimis
594 4083 713 4160 flagitiis
738 4083 842 4144 luisset
864 4084 1049 4162 inquinatus?
1094 4088 1149 4163 Qut
1177 4097 1270 4148 autern
1300 4087 1411 4164 dicunt,

236 4209 294 4252 non
325 4210 363 4252 ex
390 4210 462 4252 vero
492 4193 575 4253 animi
598 4193 704 4254 ellectu
732 4193 853 4254 duxisse
875 4195 970 4273 illam,
997 4215 1081 4276 quam
1107 4197 1134 4258 in
1163 4216 1200 4259 eo
1223 4197 1411 4274 admiramur,

237 4301 406 4363 iudiciorum
431 4304 635 4379 severitatem,
659 4302 712 4363 sed
733 4312 868 4384 tanquam
891 4303 986 4365 lucum
1010 4307 1153 4385 quendam
1175 4307 1319 4368 inductum
1338 4325 1410 4368 esse
