3092 4850
256 299 269 312 ⁸
339 329 583 380 nrsronmuuu
605 323 832 374 retensum.
862 321 931 370 mn.
953 321 989 370 u.
1021 321 1076 366 ru.
1099 311 1212 364 tr-ou
1300 303 1361 364 283

190 494 305 573 gloriae
338 489 415 550 avidi
446 487 568 568 irnperio
601 481 774 546 continenda
803 481 865 542 tuit.
910 478 1067 538 Praetereo
1099 474 1282 535 diversorum
1315 489 1363 532 or·

191 605 285 664 diuum
299 648 305 661 .
320 647 326 660 .
341 645 347 660 .
362 644 368 659 .

276 714 327 775 48.
349 710 489 789 lllultique
511 713 689 768 commeatus
711 703 881 762 interierant
903 697 1014 758 insidiis
1036 697 1187 757 latronum.

277 825 328 886 49.
354 866 406 879 ...
423 822 448 880 is
464 818 594 879 saevitia.
629 815 692 890 Qua
708 833 741 872 re
759 813 881 887 fatigata
896 806 1001 888 plebes
1020 806 1097 866 iorte
1114 804 1251 864 consules
1270 802 1364 880 ambo,

194 937 230 1012 Q.
253 933 416 1008 llletellum,
446 930 492 989 cui
516 935 621 1008 postea
644 923 763 985 Cretico
787 937 951 998 cognomen
974 916 1106 992 inditum,
1132 923 1161 974 et
1184 912 1364 973 candidatum

194 1045 388 1124 praetorium,
416 1058 501 1100 sacra
530 1039 576 1098 ria
606 1035 766 1108 deductos,
797 1049 860 1090 cum
889 1045 995 1106 magno
1026 1024 1144 1085 tumultu
1174 1021 1295 1098 invadit,
1323 1020 1366 1080 iu·

194 1155 359 1233 gientisque
373 1159 472 1212 secuta
489 1147 525 1208 ad
538 1145 642 1206 Octavi
657 1143 780 1220 domum,
796 1158 870 1218 quae
886 1139 1010 1218 propior
1028 1143 1108 1211 erat,
1124 1136 1152 1194 in
1168 1175 1260 1192 .....
1272 1174 1322 1202 ...
1337 1173 1344 1188 .
1359 1173 1365 1188 .

193 1264 250 1324 lum
271 1263 415 1343 pervenit.

281 1373 331 1433 50.
356 1367 467 1430 Oratio
491 1364 526 1426 0.
544 1364 660 1425 'Cottae
681 1359 818 1422 consulis
840 1357 884 1419 od
901 1355 1060 1438 populum.

279 1481 354 1540 Dein
376 1478 461 1539 Cotta
481 1477 510 1536 iu
532 1477 608 1536 huuc
628 1473 743 1534 modum
764 1470 913 1531 disseruit:

282 1591 425 1667 Quirites,
453 1587 540 1650 multa
567 1585 636 1646 mihi
658 1581 789 1664 pericula
817 1580 893 1640 domi
916 1578 1109 1658 militiaeque,
1132 1579 1219 1638 multa
1242 1578 1366 1638 advorsa

197 1703 296 1780 inere,
320 1720 441 1781 quorum
465 1700 521 1761 alia
546 1697 684 1774 toleravi,
713 1692 817 1772 partim
840 1689 956 1770 reppuli
978 1688 1097 1748 deorum
1124 1688 1239 1750 auxiliis
1261 1696 1290 1747 et
1312 1688 1368 1746 vir·

198 1823 257 1873 tute
279 1831 358 1889 rues,
388 1814 417 1872 in
443 1813 508 1891 quis
530 1806 663 1870 omuibus
690 1817 834 1881 nunquam
858 1799 970 1859 animus
993 1799 1114 1874 negotio
1142 1799 1248 1873 defuit,
1272 1813 1368 1874 neque

199 2002 306 2049 mestus
323 1999 538 2064 interceperant3
558 2011 585 2045 v.
604 1992 639 2044 ad
657 1993 703 2042 Fr.
723 1990 761 2052 II,
804 2002 889 2052 quum
915 1986 1139 2044 obsecrante
1158 1983 1369 2034 descenderis

199 2079 241 2140 50,
259 2078 284 2128 7.
510 2077 517 2094 ⁸
804 2071 836 2114 et
850 2063 1104 2128 perproaeimum
1123 2062 1234 2126 uicum,
1253 2062 1306 2125 qui
1321 2066 1369 2110 ert

208 2215 211 2220 ⁵
232 2156 278 2206 Fr.
297 2150 352 2217 tu]
373 2150 505 2216 Palimps.
524 2148 613 2200 Tolet.
632 2146 763 2195 —Feme
805 2141 842 2191 ob
856 2137 1206 2203 sinistro,'prodteris‚
1225 2141 1368 2202 positaest.

198 2233 234 2284 ad
259 2229 476 2296 desperationem
502 2227 602 2278 edacia
621 2224 698 2291 plebs
719 2227 762 2273 iu·
840 2249 905 2300 quae
921 2234 1028 2297 propior
1047 2230 1114 2298 erat]
1141 2247 1179 2281 30,
1205 2246 1285 2296 quam
1304 2231 1369 2282 Cot.

198 2310 362 2367 multumt,
392 2310 420 2356 ei
443 2305 551 2356 (lotidem
575 2303 712 2355 consulem
734 2301 763 2350 in
807 2315 853 2362 tae
869 2309 989 2362 consulis
1008 2309 1116 2370 domus,
1136 2324 1205 2374 quae
1225 2312 1370 2373 propterea

200 2405 279 2442 sacra
297 2387 343 2437 via
361 2383 477 2435 invadit·
807 2391 896 2442 minus
915 2388 1003 2440 celere
1018 2389 1154 2455 refugium
1167 2387 1316 2453 praebebat
1329 2387 1371 2437 fu-

236 2515 242 2527 .
255 2512 279 2526 ..
294 2474 317 2522 is
335 2467 452 2536 saeuitia]
465 2471 542 2520 Haec
555 2471 595 2519 ita
608 2465 764 2517 cohaesisse
807 2467 955 2533 gientibus.

200 2553 326 2602 videntur
336 2550 569 2614 cumFrsgmento
577 2543 763 2596 antecedente:
840 2555 888 2603 Fr,
906 2549 961 2616 50,]
981 2548 1066 2602 codd,
1086 2551 1163 2601 vast,
1182 2553 1253 2612 tres,
1275 2548 1370 2599 Ursini

202 2628 355 2692 „multique
367 2629 533 2677 commeatus
551 2622 711 2672 interlerlini
725 2623 766 2670 ln·
810 2633 837 2680 et
865 2629 958 2680 (liaeo,
990 2627 1059 2690 duo,
1087 2626 1195 2678 Balliol,
1223 2627 1369 2678 Praeterea

202 2707 278 2759 cidiis
298 2705 449 2766 latronum,
473 2711 500 2753 ut
520 2705 546 2752 in
565 2703 618 2751 dies
635 2703 714 2765 trapis
727 2704 766 2750 io·
807 2707 880 2756 initii
899 2705 1031 2756 cretionis
1049 2705 1168 2768 vestigia
1192 2717 1280 2767 pauca
1299 2718 1370 2752 com.

202 2792 366 2853 prooescerct
380 2784 458 2848 famis
474 2780 622 2832 saevitia.“
806 2787 904 2848 parent
922 2783 951 2831 in
964 2782 1096 2846 Palimps.
1114 2780 1203 2831 Tolet.

235 2873 349 2959 00434144
367 2866 448 2933 47420]
470 2883 509 2920 ⁸⁰·
529 2867 561 2921 1¹·
578 2866 725 2916 Octavium
738 2868 765 2914 ei
841 2874 985 2937 Tumultu,
1008 2878 1040 2924 ut
1057 2874 1167 2938 Fregm.
1190 2870 1369 2935 praecedente

182 3024 184 3028 Ι
201 2948 232 3000 G·
251 2946 390 2998 Aurellllm
409 2945 531 2997 00iiam·
807 2954 909 3004 dictum
923 2955 978 3012 est,
997 2951 1025 2998 in
1036 2963 1114 3000 sucre
1126 2950 1173 2998 vie
1183 2952 1277 2999 exorto
1288 2963 1371 3013 quum

234 3033 339 3099 posteo]
354 3033 432 3082 Anno
450 3030 492 3082 68.
513 3045 539 3093 p.
561 3027 622 3079 Chr.
637 3041 676 3088 ru,
692 3024 764 3076 bello
807 3031 889 3083 valde
908 3043 1018 3095 pressus
1037 3026 1119 3077 Cotta
1137 3041 1193 3076 cos.
1212 3026 1241 3074 in
1260 3025 1371 3074 Octavii

202 3126 250 3176 per
268 3110 416 3160 triennium
438 3110 534 3173 gesto;
559 3103 594 3154 cf·
615 3102 694 3154 0408·
713 3102 764 3164 Ἦ,
808 3111 916 3162 domum
929 3107 1075 3170 confugere
1088 3109 1244 3170 cogeretur,
1258 3103 1371 3168 ubipri-

203 3193 229 3241 4.
250 3186 321 3238 Vell.
343 3186 380 3248 II,
400 3187 443 3238 34.
808 3205 879 3239 mum
890 3187 966 3237 furor
977 3180 1295 3244 delervitmultitudinis,
1310 3197 1370 3246 pro-

238 3273 402 3323 candidatur»
414 3263 580 3333 praetorium]
601 3263 620 3314 i.
641 3277 663 3312 e.
683 3277 767 3311 unum
809 3267 873 3328 diit,
901 3260 1080 3329 populumque
1103 3257 1226 3308 oratione
1251 3257 1371 3308 delenire

204 3367 238 3402 ex
255 3352 304 3412 iis,
324 3349 370 3413 qni
388 3351 446 3396 tum
458 3348 615 3410 praeturum
632 3343 767 3413 peterent.
809 3341 928 3403 studuit,
945 3339 997 3388 hoc
1018 3335 1149 3401 imprimis
1169 3349 1270 3399 egens,
1294 3343 1326 3388 ut
1344 3340 1372 3387 et

211 3463 213 3466 ·
238 3439 356 3502 forte—
370 3430 502 3496 deductos]
521 3432 540 3482 i.
557 3445 579 3480 e.
599 3443 681 3494 quum
696 3428 767 3478 forte
809 3435 898 3472 rerum
924 3416 1114 3476 adversorum,
1145 3412 1244 3477 quibus
1272 3414 1372 3464 civitas

205 3531 265 3566 cum
289 3513 422 3563 comitatu
449 3525 497 3559 sno
523 3506 691 3559 incederent:
725 3507 768 3555 De
810 3498 1028 3556 conflicteretur,
1049 3507 1079 3543 se
1096 3491 1232 3542 insontem
1250 3507 1310 3542 esse
1326 3491 1372 3542 do-

205 3591 347 3644 deduccndi
374 3604 448 3639 more
473 3587 509 3637 ci.
537 3585 596 3637 Cic.
625 3585 658 3635 de
687 3584 766 3649 petit.
810 3581 896 3639 ceret,
922 3579 950 3625 et
968 3575 1094 3638 peretum
1118 3583 1147 3618 se
1165 3568 1323 3620 ostenderet
1338 3571 1373 3620 ud

205 3686 279 3723 cons.
299 3686 323 3720 ο,
342 3670 369 3722 9,
541 3685 543 3690 ·
701 3693 703 3696 -
811 3657 929 3708 animem
941 3667 989 3715 pro
1006 3646 1146 3713 republica
1164 3647 1330 3709 vovendam,
1344 3647 1374 3720 si

238 3752 343 3820 invadit]
364 3754 426 3804 Non
450 3754 493 3801 est
515 3751 592 3800 amia
607 3748 765 3812 offredum,
810 3735 923 3784 mortem
942 3729 1032 3786 suam,
1052 3739 1133 3788 quom
1148 3724 1172 3772 ei
1187 3723 1373 3774 videnturmi·

204 3835 253 3887 sed
270 3837 426 3887 domantur,
442 3830 548 3890 premit,
566 3827 682 3876 maniciis
698 3825 769 3874 minis
810 3809 869 3860 nati
888 3820 962 3865 esse,
987 3800 1175 3866 praesentibus
1195 3801 1372 3850 incommodis

206 3921 283 3976 atque
302 3904 518 3960 exsecrationibus
533 3908 621 3951 terret,
811 3882 911 3936 mederi
929 3894 1010 3945 posse
1028 3876 1182 3936 crederent3
1207 3876 1250 3926 sin
1273 3877 1373 3938 minus,

240 3977 275 4045 ap
293 3991 382 4042 Octa„
398 3984 500 4051 domum]
523 3985 633 4035 Oetavfl
649 3981 768 4033 consulis
811 3961 959 4012 tolerarent
983 3955 1050 4006 forti
1074 3955 1163 4002 animo
1191 3953 1321 4018 adverse,
1345 3958 1373 4004 et

207 4072 302 4122 domus
321 4069 410 4118 fuisse
433 4061 555 4123 ridetur,
581 4075 649 4126 quee
674 4063 770 4123 postea
811 4035 978 4103 ielPUbllssffl
995 4029 1176 4083 0⁰115Uleressi·

208 4147 304 4199 Scauri
321 4145 383 4195 luit.
411 4143 453 4191 De
471 4139 528 4189 eius
546 4137 601 4186 situ
616 4136 652 4186 cf.
668 4135 767 4184 Ascon.
845 4131 912 4179 Deio
937 4128 1008 4178 Gutta
1026 4151 1061 4160 —
1083 4119 1213 4185 tueremur]
1240 4093 1372 4186 Palimps.

208 4225 244 4276 ed
262 4223 321 4273 Cic.
341 4236 380 4270 or.
399 4234 425 4284 p.
451 4217 546 4268 Scaur.
571 4230 597 4278 p.
619 4214 661 4263 27.
682 4208 766 4260 Orell.
811 4199 902 4250 Tolet.
921 4194 1054 4260 vestigio,
1074 4197 1102 4243 et
1119 4191 1252 4242 Priscian.
1269 4191 1373 4258 XVIII,

206 4304 398 4352 Demonruacre
419 4295 487 4346 vobis
511 4293 608 4342 memini
628 4306 681 4350 me,
705 4289 769 4337 donc
810 4280 854 4340 24,
873 4276 936 4328 202.
953 4290 983 4338 p·
1003 4270 1060 4322 199.
1079 4271 1127 4320 Ku-

207 4383 302 4432 marum
316 4379 342 4427 in
358 4392 389 4426 ea
405 4369 595 4438 partePalotti
606 4383 675 4429 erse,
695 4381 767 4432 quac,
846 4358 960 4426 tolerari]
986 4358 1109 4410 Pertinet
1131 4355 1184 4406 hoc
1208 4355 1320 4406 verbnm
1338 4352 1374 4404 ed
