3070 4852
175 237 178 244 ,
207 267 286 328 224·
614 277 837 326 o.sunuusr1
862 275 974 326 causat

291 429 398 495 XClV.
442 433 501 494 Sed
523 433 571 495 ubi
590 453 628 494 ex
650 445 812 516 praecepto
833 445 948 515 tempus
970 435 1077 514 visum,
1101 436 1209 515 paratis
1232 435 1381 516 composi-

206 546 301 623 tisque
325 541 458 604 omuibus
480 544 516 604 ad
536 545 633 606 locum
654 549 760 626 pergit.
805 546 941 608 Ceterum
962 546 1019 624 illi,
1043 547 1092 624 qui
1114 547 1266 606 ascensuri
1284 557 1381 626 erant,

207 655 360 736 praedocti
383 653 533 733 abduce,
560 674 638 717 arma
662 666 851 736 ornatumque
874 665 1070 734 mutaverant,
1100 659 1196 736 eapite
1216 666 1304 736 atque
1327 677 1380 738 pe·

207 766 292 828 dibus
313 765 411 843 nudis,
442 768 481 826 nti
503 777 681 846 prospectus
704 769 843 846 nisusque
863 786 918 847 per
938 786 1008 828 saxa
1030 767 1144 828 iaoilius
1166 768 1258 837 ioret;
1287 786 1380 846 super

205 887 289 955 terga
310 877 401 956 gladii
420 887 449 938 et
468 889 565 958 scuta,
587 896 687 938 verum
709 896 743 938 ea
763 878 914 940 Numidica
933 897 971 938 es
994 879 1101 955 coriis,
1124 877 1263 956 ponderis
1283 879 1380 956 gratia

206 988 289 1048 simul
318 998 347 1049 et
376 990 488 1052 offensa
519 1007 576 1071 quo
604 989 699 1072 levius
722 997 897 1068 streperent.
942 989 1034 1067 lgitur
1056 989 1268 1067 praegrediens
1288 988 1409 1065 Ligusa

205 1118 291 1177 saxa,
329 1109 358 1160 et
386 1103 409 1161 si
445 1119 519 1180 qnae
551 1108 694 1160 vetustate
719 1099 836 1160 radices
865 1096 1041 1177 eminebant,
1077 1099 1190 1177 laqueis
1219 1097 1379 1175 vinciebat,

205 1210 309 1288 quibus
330 1203 448 1272 allevati
470 1211 578 1272 milites
607 1210 735 1271 facilius·
752 1209 959 1280 escenderent;
989 1210 1130 1270 interdum
1157 1209 1274 1270 timidos
1298 1211 1378 1269 inso-

204 1321 292 1382 lentia
311 1322 421 1382 itineris
443 1321 543 1382 levare
563 1338 664 1398 manu,
684 1319 733 1380 ubi
753 1320 842 1399 paulo
863 1322 999 1400 asperior
1018 1339 1159 1381 ascensus
1181 1329 1257 1396 erat,
1278 1320 1378 1395 singu·

204 1433 250 1493 los
274 1449 400 1511 praese
425 1432 541 1490 inermis
564 1433 692 1508 mittere,
722 1428 826 1490 deinde
849 1431 914 1509 ipse
940 1449 1004 1491 cum
1029 1431 1145 1491 illorum
1167 1431 1253 1491 armis
1281 1429 1377 1507 sequi,

204 1559 280 1620 quae
302 1539 387 1601 dubia
411 1541 475 1598 nisu
500 1539 685 1618 videbantur,
719 1541 894 1619 potissumus
917 1551 1047 1620 tentare,
1070 1561 1106 1602 ac
1131 1542 1250 1620 saepius
1273 1539 1378 1600 eadem

203 1650 367 1711 ascendens
390 1650 648 1729 descendensque,
675 1650 742 1710 dein
763 1651 857 1710 statim
879 1651 1061 1730 digrediens,
1096 1653 1203 1712 ceteris
1226 1650 1377 1712 audaciam

203 1761 321 1824 addere.
365 1761 457 1840 Igitur
484 1763 531 1822 din
556 1761 732 1842 multumque
758 1761 870 1840 fatigati
896 1761 1009 1823 taudem
1031 1764 1059 1821 in
1088 1763 1239 1822 castellum
1266 1767 1404 1841 perve·3
1472 1753 1484 1778 ⁸

204 1877 299 1954 niunt,
326 1872 472 1936 desertum
496 1873 530 1936 ab
556 1893 590 1934 ea
614 1881 713 1952 parte,
745 1872 822 1953 quod
840 1889 965 1949 omnes,
994 1874 1069 1933 sicut
1089 1873 1153 1933 aliis
1178 1870 1295 1948 diebus,
1324 1870 1374 1931 ad·

202 2005 321 2049 vorsum
343 1985 435 2047 hostis
457 1984 586 2044 aderant.
629 1984 755 2061 blasius,
778 1983 826 2043 ubi
849 2003 886 2044 ex
908 1984 1028 2060 nuntiis,
1054 2002 1129 2062 qnae
1148 1983 1237 2060 Ligus
1259 1992 1373 2060 egerat,

203 2098 361 2176 cognovit,
400 2114 572 2176 quamquam
600 2104 663 2156 toto
691 2096 738 2155 die
768 2095 895 2155 intentos
920 2093 1035 2172 proelio
1058 2092 1195 2153 Numidas
1222 2092 1373 2170 babuerat,

202 2219 260 2269 tum
279 2225 351 2269 vero
375 2207 544 2267 cohortatus
565 2205 670 2266 milites
692 2207 803 2285 etipse
826 2212 908 2264 extra
930 2205 1030 2264 vineas
1052 2221 1207 2281 egressus,
1228 2202 1371 2263 testudine

202 2328 267 2378 acta
290 2317 452 2377 succedere
478 2326 507 2376 et
527 2315 611 2376 simul
630 2315 742 2376 hostem
765 2315 915 2374 tormentis
935 2315 1151 2394 sagittariisque
1171 2323 1200 2374 et
1221 2311 1371 2373 funditori-

203 2428 257 2488 bus
277 2427 388 2485 eminus
414 2435 536 2486 terrere.
581 2424 620 2484 At
640 2424 796 2500 Numidae,
826 2437 918 2504 saepe
946 2433 1030 2485 antea
1055 2426 1148 2485 vineis
1175 2426 1399 2486 Romanorumt

202 2534 370 2613 subversis,
393 2535 462 2594 item
482 2526 625 2614 incensis,
649 2552 706 2594 non
726 2534 840 2600 castelli
859 2535 1011 2595 moenibus
1029 2555 1096 2596 sese
1115 2537 1294 2613 tutabantur,
1318 2533 1371 2593 ssd

238 2725 335 2777 XCIV.
355 2725 379 2777 l.
395 2721 490 2790 pergit]
512 2739 551 2775 se.
570 2724 664 2790 Ligus.
683 2749 717 2758 -
733 2722 765 2772 In
808 2722 932 2774 feruntur
947 2724 983 2772 ad
995 2739 1184 2790 praegressum
1198 2723 1369 2775 enunciatnm

203 2803 380 2869 sequentibus
399 2804 436 2853 itti
453 2806 517 2852 sunt
535 2802 592 2853 eius
611 2800 733 2852 comites.
807 2800 971 2865 temporale,
999 2806 1029 2850 ut
1054 2803 1138 2852 verba
1165 2819 1310 2868 qrtomquom
1335 2833 1371 2840 -

236 2891 362 2959 ornatum]
389 2893 407 2943 i,
432 2907 456 2942 θ,
480 2891 624 2952 vestitum
651 2889 687 2941 ef,
708 2888 764 2940 cie,
806 2879 931 2930 babuerat
953 2884 1058 2944 partem
1081 2881 1210 2946 epodosis
1235 2880 1368 2939 efficiant3

202 2972 235 3022 de
250 2973 302 3026 Off,
318 2973 345 3035 I,
368 2972 413 3034 18,
433 2971 476 3023 61,
494 2969 600 3020 Statuas
619 2984 714 3034 qnoque
729 2970 765 3018 vi.
807 2958 848 3006 ite
876 2958 947 3006 enim
979 2958 1103 3021 procedit
1134 2959 1236 3009 oratio:
1269 2959 1312 3008 cdi
1334 2985 1370 2994 -

200 3053 285 3102 demus
302 3057 421 3099 armatu
435 3049 494 3113 fere
513 3050 623 3099 militari.
806 3038 931 3101 ΰθθηθϋίΐ,
950 3043 999 3086 lum
1016 3050 1089 3095 vero,
1109 3051 1254 3101 quamquam
1275 3063 1302 3071 -
1324 3035 1370 3084 lta·

234 3152 319 3187 oercm
333 3133 375 3200 ec]
400 3137 492 3186 Verum
505 3133 640 3198 particula
655 3131 766 3182 restrin.
806 3114 909 3177 tuerat,
928 3111 1071 3163 eodortctus
1085 3115 1173 3164 milites
1182 3115 1369 3165 -suesedere,

201 3214 275 3278 gitur
292 3221 416 3263 scutorum
433 3212 509 3261 notio
528 3212 583 3273 ite,
602 3215 633 3260 ut
648 3219 765 3261 consueto
807 3220 841 3231 ··
859 3193 901 3242 ΒΘ
921 3200 969 3242 lum
988 3191 1123 3256 basileum
1143 3208 1170 3242 V·
1191 3189 1226 3242 ad
1244 3192 1305 3244 Cat·
1324 3193 1368 3252 5¹,

201 3293 271 3352 apud
288 3291 414 3340 Ronmnos
429 3291 519 3354 penest
535 3293 688 3353 opponatur
709 3290 764 3340 Nu.
806 3271 853 3333 403
873 3271 907 3321 (Ῑθ
928 3285 988 3320 WO
1007 3270 1109 3320 dicium
1134 3269 1168 3319 Ml
1187 3267 1249 3323 Gai·
1267 3271 1315 3335 37,
1341 3274 1367 3322 4·

201 3368 343 3430 midicum,
361 3367 476 3441 materia
494 3365 661 3429 discrepans.
840 3365 963 3417 testudine
977 3361 1046 3429 oeta]
1068 3363 1268 3423 teneatue,
1286 3379 1368 3428 quarn

232 3449 365 3515 penderis]
386 3467 424 3502 sc.
443 3449 563 3500 levioris.
805 3445 922 3505 fecerat,
945 3451 1069 3505 promota.
1086 3468 1120 3476 —
1145 3439 1266 3491 Testudo
1284 3441 1366 3490 fiebat

236 3538 261 3586 2,
278 3543 402 3586 veluptate
419 3561 455 3572 .-.
469 3533 616 3600 eminebant]
637 3549 676 3584 gp„
688 3535 762 3583 gaxis
804 3521 909 3570 sublatis
929 3534 1010 3582 Supra
1031 3523 1118 3582 capita
1139 3522 1218 3570 8014ίίιῖ
1238 3521 1366 3568 Continua-

200 3613 283 3680 101130
313 3617 434 3679 tempore
457 3611 761 3680 paulatim·maceffiqis
804 3600 885 3662 tisque
902 3599 939 3646 ita
957 3599 1023 3647 inter
1038 3614 1080 3656 se,
1108 3603 1134 3646 ut
1158 3596 1194 3644 ad
1210 3596 1365 3658 inferendum

200 3710 233 3745 ac
249 3691 345 3745 solutis
364 3691 460 3757 fiebat,
478 3699 509 3744 ut
526 3692 631 3743 radices
649 3689 763 3742 nonnul·
802 3676 874 3724 delum
886 3676 954 3726 ‘⁰0⁸⁸
963 3692 1010 3726 '²⁰⁷²
1021 3683 1102 3732 ⁶⁸⁸⁶!ss
1117 3673 1155 3724 ⁰f·
1167 3673 1228 3726 ΠΥ·
1240 3675 1366 3738 XXXIV»

200 3770 244 3822 lac
264 3770 422 3824 eminerent.
778 3783 782 3794 ·
803 3752 850 3816 39,
870 3751 895 3803 6·
1309 3807 1313 3813 .

232 3856 392 3923 potissumus]
410 3858 430 3910 i.
449 3872 473 3908 e.
491 3856 551 3921 ipse
568 3870 634 3920 prae
652 3853 760 3906 ceteris,
837 3844 863 3894 6.
882 3845 1046 3894 tantummodo
1058 3840 1186 3908 sarreiare]
1206 3857 1245 3893 sc.
1258 3859 1365 3894 nonsa-

234 3941 388 4008 dpffledqmq
414 3943 432 3993 p,
456 3959 480 3993 e,
503 3940 632 3992 secedens
649 3941 678 3990 in
698 3940 761 3991 dex,
803 3923 839 3972 tie
857 3921 987 3986 temporis
1016 3921 1068 3970 sibi
1098 3923 1235 3970 sumentes
1258 3921 1293 3970 ad
1318 3937 1364 3970 eos

199 4025 269 4070 tram
288 4025 337 4091 aut
359 4020 481 4083 laevam,
508 4036 547 4071 so.
569 4025 600 4069 ut
617 4018 705 4070 locum
722 4018 762 4068 fa·
803 3999 1012 4051 inleiflsslffildffl·

199 4102 274 4148 eeret
291 4101 353 4162 post
370 4098 458 4162 ipsum
477 4096 654 4147 enitentibus.
837 4091 976 4158 certantes]
997 4111 1032 4138 =
1051 4089 1184 4141 certatim.

235 4182 260 4230 3.
278 4185 385 4232 intentos
403 4211 438 4220 -
455 4180 589 4246 babuerat]
610 4198 636 4233 v.
653 4182 687 4231 ad
699 4183 760 4247 lug.
837 4187 919 4239 XCV.
941 4186 965 4236 1.
988 4199 1050 4250 quos
1074 4211 1106 4220 —
1126 4190 1154 4232 at
1176 4180 1287 4249 superet]
1312 4183 1366 4234 Per

199 4256 247 4318 79,
267 4258 292 4307 3·
802 4265 913 4330 synesin
936 4279 997 4328 quos
1020 4261 1137 4312 refertur
1160 4260 1195 4310 nd
1221 4263 1367 4326 equitatura,-

235 4347 284 4389 tum
302 4339 377 4405 cero]
402 4342 462 4391 Hae
484 4340 635 4404 particulae
658 4343 697 4391 ita
720 4357 761 4391 re·
801 4358 828 4393 v.
847 4340 882 4391 cd
898 4339 958 4390 eat.
980 4338 1025 4400 ld,
1046 4339 1070 4387 l.
1089 4337 1236 4388 Enuneiati
1257 4336 1366 4388 relativi
