3070 4852
487 315 682 364 1uounrnn.
707 316 864 366 c.1..1.1.
888 318 947 365 uu.
1248 310 1304 371 181

131 482 248 533 terrere
278 474 487 552 nequiverant,
521 473 660 535 disiectos
686 474 722 535 ab
744 483 829 552 tergo
859 484 907 534 aut
930 475 1070 538 lateribus
1100 477 1311 538 circumvenie-

132 583 219 654 bant;
256 587 299 644 siu
327 585 520 664 opportunior
549 585 637 662 fugae
671 584 756 645 collis
785 587 877 664 quam'
898 589 992 665 campi
1026 588 1134 666 iuerat,
1172 607 1208 648 ea
1237 606 1309 649 vero

133 697 267 756 consueti
285 695 469 757 Numidarum
490 695 557 775 equi
577 695 664 756 facile
685 697 760 756 inter
777 695 902 773 virgulta
923 697 1065 769 evadere;
1087 707 1205 760 nostros
1223 717 1308 780 aspe-

132 805 204 864 ritas
227 816 256 866 et
277 807 432 867 insolentia
456 806 515 866 loci
535 805 690 866 retinebat.

217 915 261 976 Ll.
307 915 443 978 Ceterum
465 917 558 976 iacies
579 918 666 977 totius
697 917 799 994 negoti
820 919 917 995 varia,
952 918 1083 997 incerta,
1110 918 1198 981 foeda
1220 931 1308 999 atque

130 1027 324 1099 miserabilis;
356 1027 483 1108 dispcrsi
507 1045 523 1086 a
549 1028 608 1087 suis
631 1044 700 1104 pars
724 1026 848 1104 cedere,
873 1027 922 1087 alii
944 1029 1073 1108 insequi,
1103 1047 1201 1109 neque
1223 1028 1307 1108 sigua

130 1155 227 1216 neque
251 1139 370 1200 ordines
393 1137 571 1212 observare,
600 1135 649 1194 ubi
668 1139 813 1214 quemque
834 1137 994 1216 periculum
1016 1149 1154 1217 ceperat,
1175 1138 1213 1200 ibi
1236 1142 1307 1200 resi·

130 1255 210 1308 stere
233 1267 269 1308 ac
291 1248 485 1329 propulsare,
514 1265 592 1306 arma
614 1245 687 1321 tela,
717 1247 785 1323 equi
806 1248 874 1324 viri,
906 1246 1008 1309 hostes
1026 1259 1114 1328 atque
1137 1251 1218 1310 cives
1239 1269 1305 1329 per·

99 1359 227 1434 amiati,
254 1360 324 1418 nihil
345 1359 468 1420 oonsilio
491 1374 586 1434 neque
607 1355 731 1434 imperio
754 1359 818 1434 agi,
840 1357 902 1417 sors
926 1361 1020 1420 omnia
1042 1378 1159 1438 regere.
1203 1361 1306 1438 ltaque

130 1467 248 1528 multum
277 1469 335 1528 diei
358 1475 560 1547 processerat,
592 1484 678 1544 quum
709 1466 852 1526 etiamtum
881 1477 1003 1529 eventus
1032 1470 1060 1530 in
1088 1472 1201 1531 incerto
1231 1479 1304 1531 erat.

99 1576 263 1656 3Deuique
286 1578 419 1640 omnihus
441 1575 543 1637 labore
567 1585 595 1649 et
618 1585 700 1636 aestu
722 1574 882 1654 languidis,
904 1578 1057 1658 llletellus,
1081 1580 1129 1641 ubi
1150 1579 1228 1641 videt
1245 1580 1303 1642 Nu·

129 1687 220 1748 midas
240 1689 331 1748 minus
354 1690 478 1765 instare,
501 1686 638 1766 paulatim
661 1686 766 1746 milites
784 1689 813 1747 in
831 1706 917 1748 unum
939 1689 1091 1768 conducit,
1115 1692 1235 1751 ordines
1256 1709 1303 1750 re·

128 1799 232 1875 stituit,
263 1808 293 1858 et
324 1799 456 1860 cohortis
482 1799 661 1876 legionarias
685 1801 819 1876 quattuor
847 1798 1000 1860 advorsum
1032 1799 1148 1878 pedites
1176 1801 1301 1860 hostium

128 1908 269 1968 collocat.
313 1909 422 1970 Eorum
452 1926 556 1986 magna
580 1926 650 1986 pars
678 1905 880 1986 superioribus
908 1906 984 1968 locis
1009 1909 1090 1968 iessa
1115 1909 1301 1970 consederat.

98 2018 218 2078 asimul
246 2036 350 2097 orare,
378 2019 487 2080 hortari
509 2019 631 2094 milites,
661 2036 698 2076 ne
721 2017 897 2095 deficerent,
926 2037 982 2078 neu
1011 2027 1180 2098 paterentur
1208 2019 1301 2079 hostis

126 2128 265 2204 fugientis
294 2130 430 2200 vincere3
463 2146 559 2207 neque
588 2129 645 2188 illis
676 2115 771 2186 castra
801 2145 869 2186 esse
900 2146 996 2206 neque
1030 2129 1233 2189 munimentum
1259 2129 1300 2189 ul·

95 2239 199 2317 ulum,
228 2257 285 2319 quo
310 2239 450 2300 cedentes
474 2240 639 2308 tenderent;
672 2239 699 2296 in
723 2237 809 2296 armis
830 2239 925 2299 omnia
945 2239 1009 2299 sita.
1055 2239 1114 2300 Sed
1136 2257 1174 2298 ue
1197 2237 1299 2317 lugur-

125 2349 173 2409 tha
197 2350 310 2428 quidem
333 2352 444 2412 interea
468 2351 583 2430 quietus
602 2357 678 2417 erat;
704 2349 872 2426 circumire,
894 2348 1019 2428 hortari,
1043 2367 1189 2412 renovare
1212 2367 1299 2429 proe-
1386 2427 1388 2433 A
1495 2419 1496 2440 ,

124 2460 207 2538 lium,
231 2466 345 2541 etipse
369 2481 433 2522 cum
453 2461 578 2522 delectis
601 2469 714 2520 tentare
738 2459 849 2535 omnia,
878 2457 1034 2520 subvenire
1058 2461 1134 2538 suis,
1164 2459 1298 2521 hostibus

124 2569 217 2631 dubiis
239 2574 365 2649 instare,
391 2590 466 2650 quos
489 2574 589 2632 firmos
609 2577 805 2648 cognoverat,
829 2569 939 2629 eminus
958 2570 1116 2647 pugnando
1135 2573 1274 2632 retinere.

207 2682 266 2743 Lll.
311 2684 356 2744 Eo
385 2681 471 2744 modo
495 2685 571 2742 inter
596 2700 628 2741 se
658 2680 715 2739 duo
738 2681 949 2757 imperatores,
978 2683 1175 2759 summiviri,
1203 2691 1295 2742 certa·

97 2791 209 2869 2bant,
238 2793 293 2870 ipsi
320 2812 422 2873 pares,
455 2802 584 2852 ceterum
611 2789 717 2870 opibus
740 2787 915 2865 disparibus.
959 2788 1032 2849 Nam
1053 2789 1174 2850 Metello
1204 2791 1296 2848 virtus

124 2902 241 2961 militum
266 2911 343 2978 erat,
374 2903 458 2961 locus
477 2901 639 2977 advorsus,
668 2896 824 2974 Iugurthae
849 2895 905 2956 alia
927 2899 1022 2957 omnia
1048 2908 1167 2977 praeter
1189 2899 1295 2958 milites

95 3021 299 3098 3opportuua.
342 3012 475 3090 Denique
495 3010 634 3087 Romani,
656 3007 705 3067 ubi
724 3005 912 3083 intellegunt,
935 3024 1032 3084 neque
1051 3006 1106 3067 sihi
1127 3008 1291 3087 perfugium

154 3217 182 3266 4.
205 3207 331 3265 Numidae
357 3216 404 3264 atti
427 3242 463 3251 -
485 3208 563 3278 pars]
598 3227 626 3261 v.
650 3209 686 3260 ad
762 3209 787 3258 2.
812 3205 912 3273 ltaque]
935 3209 997 3260 i.e.
1016 3213 1110 3273 etita,
1137 3219 1161 3262 et
1183 3214 1231 3262 tuli
1243 3228 1292 3275 pu-

123 3293 183 3344 eat.
203 3294 229 3356 2,
250 3292 275 3342 l.
298 3343 300 3347 ,
725 3301 913 3352 panepenere.
995 3334 999 3340 ,

45 3365 54 3376 ”
154 3393 255 3460 adem]
277 3411 304 3447 v,
323 3395 359 3446 ad
377 3394 438 3445 cap,
454 3396 497 3457 52,
517 3393 559 3444 13,
760 3371 786 3422 3.
799 3370 908 3421 cohortis
918 3369 1084 3438 lepioncrias]
1102 3389 1140 3424 sc.
1153 3390 1290 3438 romanas,
1348 3374 1353 3381 ’

724 3465 780 3500 non
799 3449 947 3510 sociorum3
968 3465 995 3500 v.
1015 3450 1050 3499 ad
1067 3451 1128 3517 Ing.
1143 3453 1191 3515 46,
1211 3455 1236 3504 7.

759 3533 864 3601 anmm]
884 3551 924 3587 sc.
943 3535 1073 3587 hostium.

758 3624 784 3672 4.
803 3619 863 3687 iltis]
883 3637 909 3671 v.
929 3621 966 3671 ad
984 3623 1045 3688 lug.
1059 3622 1090 3686 8,
1108 3626 1135 3675 2.

759 3715 785 3766 5.
803 3731 834 3764 ne
865 3714 988 3780 lupurtlta
1020 3715 1132 3782 quidem]
1171 3717 1286 3782 Supple:

152 3797 182 3831 θα
200 3796 259 3830 vtro
274 3810 309 3818 -
327 3775 447 3842 evadere]
481 3777 522 3824 De
539 3790 570 3822 ea
587 3773 682 3823 adies·
724 3807 885 3859 quemquem
917 3796 973 3841 tam
1002 3808 1130 3858 prospero
1158 3810 1286 3846 successu

119 3858 175 3920 bio,
192 3873 252 3908 cum
267 3858 377 3906 euadere
389 3851 588 3917 coniungendo,
606 3867 633 3903 ν.
646 3850 681 3900 ad
723 3875 903 3938 pugnaverat,
1061 3863 1066 3871 ’

119 3937 178 4002 Iug.
193 3936 235 3997 38,
250 3935 296 3996 86;
316 3959 352 3971 ·-
371 3933 403 3981 de
421 3929 626 3994 oeropsrticula
646 3930 680 3979 ad

120 4015 178 4064 Cat.
198 4013 241 4076 37,
261 4014 287 4063 4.
304 4040 340 4050 -
357 4011 475 4062 Consrceti
491 4008 615 4058 absolute
633 4024 680 4072 po-

115 3495 123 3510 ‘
154 3500 180 3551 6.
197 3503 222 3551 si
235 3526 269 3534 —
281 3497 455 3565 nequiverant]
475 3499 518 3547 De
533 3493 682 3545 indicativo

118 3595 143 3628 v.
162 3576 197 3627 ad
215 3577 276 3642 lug.
296 3578 339 3639 44,
358 3579 384 3625 4.

153 3676 295 3744 deterrere]
318 3693 355 3728 sc.
374 3676 458 3741 fugae
478 3672 638 3724 celeritate.⁴

755 3966 866 4016 hostibus
882 3962 975 4029 dubiis]
996 3965 1015 4016 i.
1030 3979 1054 4015 e.
1071 3962 1161 4014 locum
1179 3980 1233 4015 non
1248 3969 1287 4015 tc·

135 4095 140 4106 ,
722 4042 850 4094 uentibus
869 4046 897 4091 et
915 4041 970 4090 iam
989 4041 1017 4089 iu
1035 4040 1127 4105 fugam
1151 4041 1285 4091 inclinan-

119 4098 209 4144 ΜΠ·
721 4121 806 4171 tibus.
825 4146 859 4154 -—
877 4119 955 4168 Firmi
972 4120 1049 4180 sunl,
1070 4118 1117 4182 qui
1133 4119 1224 4170 adhuc
1243 4121 1284 4169 in-

153 4194 199 4244 LI.
215 4195 238 4243 l.
257 4187 405 4255 observare]
427 4189 445 4239 i.
460 4203 484 4238 e.
504 4186 590 4237 oculis
609 4187 679 4236 tucri
720 4198 826 4263 trepide
841 4195 1015 4247 resistebant,

120 4270 287 4338 (Germanice
305 4273 336 4320 im
353 4268 426 4334 Aupe
444 4262 580 4328 hedalten).
756 4293 818 4342 LII,
841 4292 864 4345 1⁸
887 4289 946 4355 ipsi]
980 4289 1134 4340 vernacula
1158 4296 1200 4343 es,
1223 4309 1283 4358 pe„

151 4389 222 4425 unna
236 4375 288 4422 teta
306 4369 370 4436 etc]
391 4386 419 4422 v.
437 4369 472 4419 cd
490 4367 550 4420 Cat.
567 4367 609 4431 ll,
628 4370 654 4418 2.
719 4371 830 4428 sintich·
845 4369 881 4420 ci.
903 4368 963 4418 Cat.
980 4366 1022 4432 59,
1042 4367 1069 4420 6.
