3070 4852
584 289 774 345 succurras.
799 289 829 338 o.
853 292 983 340 cxxxv.
1309 285 1370 348 215

152 449 188 502 37
201 443 346 523 publicam
370 445 571 506 celebravere.
616 446 688 522 Quis
708 443 844 507 nobilitas
866 449 956 527 irata,
980 449 1043 528 ipsa
1062 448 1209 512 dissimilis
1230 453 1369 534 moribus,

112 615 117 624 ,
198 549 253 614 uos
281 555 397 616 illorum
427 555 558 616 aemulos
577 558 753 634 coutemnit,
786 566 814 617 et
836 557 928 618 omnis
955 533 1085 620 bonoies
1106 578 1164 620 non
1193 579 1231 622 err
1253 566 1367 643 merito,

151 665 252 727 38sed
275 667 356 745 quasi
382 665 497 728 debitos
524 685 540 728 a
567 666 652 728 vobis
678 668 794 747 repetit.
840 667 975 728 Ceterum
997 669 1129 730 homiues
1157 669 1368 750 superbissumi

197 777 301 856 procul
324 785 431 838 errant.
475 777 603 838 Maiores
626 795 726 839 eorum
747 779 857 857 omnia,
886 797 968 858 quae·
982 778 1105 857 licebat,
1128 780 1186 840 illis
1207 779 1366 862 reliquere,

119 935 128 946 .
196 886 324 966 divitias,
362 889 520 966 imagines,
556 891 723 950 memoriam
753 889 796 948 sui
826 889 1021 970 praeclaram;
1042 890 1191 948 uirtutem
1214 909 1272 950 noo
1299 893 1366 954 reli·

195 1015 306 1076 quere,
329 1017 424 1078 neque
446 1008 595 1079 poteraut;
626 1018 661 1060 ea
686 999 749 1060 sola
772 1017 868 1078 neque
890 998 972 1060 datur
995 999 1072 1060 dono
1094 1016 1190 1078 neque
1213 1001 1364 1080 accipitur.

149 1119 185 1171 39
197 1108 348 1169 Sordidum
371 1128 417 1168 me
438 1117 468 1168 et
488 1109 604 1168 incultis
626 1107 754 1169 moribus
772 1109 865 1187 aiunt,
897 1109 963 1188 quia
985 1127 1085 1189 parom
1106 1109 1180 1168 scite
1203 1111 1366 1172 conuiuium

194 1236 323 1296 exorno,
354 1236 451 1297 neque
476 1219 647 1279 histrionem
672 1218 776 1296 ullum,
803 1237 898 1298 neque
920 1217 1013 1299 pluris
1037 1219 1111 1297 preti
1136 1236 1260 1298 coquum
1282 1238 1366 1299 quam

149 1328 323 1404 touillicum
345 1327 451 1388 babeo.
496 1328 578 1403 Quae
601 1327 668 1387 mihi
692 1327 772 1389 lubet
800 1331 947 1409 confiteri,
979 1329 1115 1405 Quirites.
1159 1328 1232 1391 Nam
1255 1347 1293 1390 cx
1315 1349 1365 1410 pa·

194 1447 278 1498 rente
301 1455 366 1497 meo
390 1447 419 1498 et
442 1457 480 1498 ex
502 1438 566 1498 aliis
589 1439 697 1499 sanctis
719 1439 788 1498 viris
811 1441 847 1500 ita
868 1442 991 1520 accepi,
1017 1438 1168 1500 munditias
1187 1441 1364 1521 mulieribus,

195 1547 264 1606 uiris
289 1546 421 1609 laborem
449 1548 622 1625 convenire,
658 1547 848 1627 omnibusque
879 1549 965 1610 bonis
988 1558 1129 1629 oportere
1157 1551 1223 1629 plus
1249 1552 1364 1630 gloriae

147 1674 180 1725 41
196 1675 280 1736 quarn
303 1657 463 1719 divitiarum
486 1676 569 1727 esse;
590 1677 683 1736 arma,
707 1676 764 1717 nou
787 1659 1022 1740 suppellectilem
1043 1659 1143 1719 decori
1165 1679 1243 1720 esse.
1288 1657 1364 1736 Quin

193 1785 267 1845 ergo
291 1769 368 1847 quod
390 1770 482 1846 iuvat,
507 1769 586 1847 quod
608 1787 706 1829 carum
726 1777 900 1848 aestumare,
923 1769 951 1828 id
972 1785 1090 1845 semper
1111 1769 1233 1837 laciaut;
1255 1780 1363 1847 ament,

150 1871 151 1880 ’
193 1887 309 1956 potent,
331 1878 378 1938 ubi
399 1880 626 1940 adulescentiam
649 1879 792 1956 habuere,
821 1878 859 1938 ibi
880 1879 1060 1938 senectutem
1081 1885 1182 1953 agant,
1212 1879 1240 1936 iu
1263 1880 1362 1938 convi-

192 1989 262 2067 viis,
287 1989 376 2049 dediti
398 1991 491 2050 uentri
513 1998 542 2050 et
560 1991 751 2070 turpissumae
771 1989 844 2068 parti
864 1987 1011 2066 corporis;
1036 1984 1186 2062 sudorem,
1209 1985 1361 2066 pulverem

194 2109 222 2160 et
251 2099 305 2160 alia
337 2100 402 2160 talia
429 2099 593 2179 relinquant
621 2097 721 2176 n'ohis,
756 2095 859 2175 quibus
886 2094 935 2155 illa
965 2095 1061 2176 epulis
1086 2094 1256 2156 iocundiora
1285 2107 1361 2157 suot.

149 2224 184 2273 42
196 2209 305 2270 Verum
333 2219 460 2271 nonest
487 2212 535 2270 ita.
579 2208 652 2270 Nam
677 2207 724 2266 ubi
752 2224 784 2264 se
813 2205 929 2282 llagitiis
951 2204 1171 2264 dedecoravere
1195 2205 1360 2284 turpissumi

147 2331 181 2383 43
195 2321 266 2397 viri,
295 2319 437 2380 bonorum
467 2320 594 2400 praemia
624 2325 754 2393 ereptum
781 2323 858 2374 eunt.
909 2312 952 2374 lta
977 2315 1171 2375 iniustissume
1196 2316 1308 2378 luxuria
1332 2325 1362 2376 et

193 2431 325 2508 ignavia,
350 2449 503 2510 pessumae
522 2439 615 2504 artes,
637 2425 710 2503 illis,
734 2424 782 2504 qui
806 2423 925 2484 coluere
947 2443 1014 2502 eas,
1042 2403 1111 2485 nihil
1135 2427 1282 2504 oliuciunt,
1305 2427 1360 2486 rei·

136 2555 183 2624 ι44
196 2541 330 2621 publicae
353 2540 488 2600 innoxiae
511 2537 585 2597 cladi
610 2545 683 2595 suut.
727 2535 811 2595 Nunc
834 2535 969 2614 quoniam
996 2535 1067 2614 illis,
1098 2545 1234 2615 quantum
1263 2555 1361 2629 mores

180 2651 262 2728 mei,
292 2667 349 2712 non
371 2650 484 2709 illorum
509 2645 616 2721 llagitia
638 2645 816 2724 poscebant,
846 2645 998 2722 respondi,
1029 2665 1120 2724 pauca
1149 2645 1185 2704 de
1208 2645 1360 2724 republica

148 2775 182 2826 45
192 2759 307 2839 loquar.
352 2758 475 2820 Primum
498 2756 621 2813 omnium
640 2755 675 2838 de
694 2754 825 2814 Numidia
846 2752 954 2813 bonum
976 2752 1081 2814 habete
1101 2757 1237 2831 animum,
1265 2755 1358 2828 Quiri-

188 2947 283 3008 drore,
306 2944 388 3008 vulgo
413 2941 446 2990 de
472 2939 554 2990 verbis
581 2944 750 3005 usurpatum,
794 2939 857 2990 olim
881 2937 1058 3002 mancipium,
1078 2939 1198 2988 moribus
1221 2937 1357 3002 corruptis

189 3023 233 3072 hic
253 3021 285 3070 da
300 3021 380 3082 foetis
398 3015 510 3080 dicitur,
530 3016 627 3081 quibus
648 3015 752 3082 aliquid
793 3017 821 3065 in
834 3016 922 3080 pretio
935 3029 995 3065 esse
1011 3015 1113 3079 coepit,
1132 3020 1162 3067 ut
1174 3013 1357 3065 necessarium

189 3099 292 3149 clarum
310 3093 442 3144 redditur.
572 3133 576 3138 .
793 3092 917 3142 luxuriae
940 3095 1163 3154 instrumentum
1181 3093 1278 3142 cillicae
1294 3106 1357 3140 eon-

222 3190 264 3241 37,
296 3186 369 3254 Quis]
402 3203 441 3240 30,
470 3186 601 3237 maiorum
634 3186 751 3252 egregppg
794 3174 851 3232 ira,
870 3171 946 3220 cuius
970 3169 1052 3234 longe
1070 3171 1155 3220 maior
1173 3175 1232 3220 arat
1250 3168 1354 3220 utilitas

187 3268 281 3320 factis·
792 3249 821 3297 in
838 3263 867 3298 re
879 3249 996 3311 rustica,
1011 3246 1156 3299 luxuriosis
1171 3248 1261 3314 exigui
1274 3247 1356 3313 pretii

792 3326 944 3377 videbatur.

827 3403 869 3454 40.
887 3399 993 3466 canens]
1014 3402 1031 3450 i.
1046 3417 1069 3453 e.
1083 3417 1186 3453 morum
1201 3399 1355 3466 corruptela

792 3484 819 3530 ct
837 3480 945 3530 luxuria
965 3489 1020 3530 no'n
1038 3479 1243 3540 contaminatis,
1270 3480 1355 3529 caetis

792 3557 905 3622 vitaque
930 3558 1052 3623 integra3
1084 3557 1120 3609 ci.
1147 3558 1208 3621 lug.
1238 3555 1301 3616 lob,
1329 3557 1355 3607 4.

221 3379 271 3413 oon
287 3377 323 3411 ecc
339 3355 437 3422 merito]
458 3373 497 3408 sc.
512 3361 589 3421 petit,
615 3359 688 3424 quod
706 3357 752 3409 eli-

187 3439 313 3494 ciendum
331 3453 363 3488 ex
388 3441 518 3501 sequente
543 3437 625 3487 verbo
650 3439 750 3499 repetit.

186 3519 299 3584 Proprie
317 3515 387 3568 anim
405 3522 522 3578 repetere
542 3515 641 3566 dieitur
656 3515 689 3564 da
707 3518 751 3566 de-

97 3616 99 3622 .
186 3598 242 3649 batis
260 3594 438 3658 reposcendas:
454 3592 490 3642 cf.
510 3594 570 3658 Iug.
586 3593 634 3656 96,
647 3595 672 3643 2.
693 3593 750 3645 Cic.
794 3636 866 3685 His,
884 3637 930 3687 Fr·
949 3637 992 3696 H,
1010 3635 1058 3698 29,
1078 3636 1103 3685 5⁸
1127 3636 1155 3696 Ι,
1167 3633 1234 3685 -100,

187 3668 464 3734 Tuscc'1'39'93'
510 3762 517 3774 ,
591 3745 593 3751 ·
827 3710 970 3777 munditiae]
993 3712 1067 3762 Malo
1091 3726 1172 3761 sensu
1195 3709 1355 3761 vocabulum

221 3758 750 3830 3⁸·i’i0ffl12ii0l‘]¹·⁰·⁰“⁰¹⁰⁵¹²⁰
792 3788 818 3838 n.
844 3789 862 3838 r.
888 3789 988 3840 dicitur
1011 3790 1044 3838 us
1068 3788 1189 3839 mensore
1218 3803 1250 3838 so
1273 3788 1353 3838 namn

187 3841 280 3909 Pl⁰⁰¹¹l
298 3857 315 3891 ⁸
332 3855 396 3890 vem
415 3835 595 3890 abducuntur·
792 3865 927 3932 exquisito
946 3871 974 3916 ct
996 3865 1112 3916 delicato
1137 3866 1258 3930 corporis
1277 3865 1352 3916 cultu

222 3939 298 3987 datur
313 3961 346 3971 -
363 3930 496 3996 accipitur]
515 3932 675 3984 Germanice
692 3940 748 3987 est:
791 3949 874 4009 atque
892 3947 1003 4004 ornatu3
1022 3943 1057 3993 cf.
1077 3943 1136 4007 Iug,
1155 3942 1205 4004 63,
1225 3943 1250 3993 3,

186 4017 250 4064 idest
265 4009 446 4075 siet-oeteo
463 4012 529 4070 etc-s
545 4009 747 4076 ef.1ug.11‚4.
830 4021 873 4071 41.
902 4022 984 4071 senar-s
1005 4018 1070 4086 ete]
1105 4019 1141 4070 ef.
1165 4020 1225 4071 cat.
1255 4019 1302 4083 13,
1327 4020 1353 4071 3.

221 4096 263 4148 39.
293 4092 432 4160 sordidum]
469 4095 487 4146 i.
519 4109 541 4146 e.
572 4095 748 4159 elegantioris
793 4100 840 4161 14,
858 4099 884 4147 2.

188 4173 276 4225 cultus
305 4177 456 4236 expertem,
487 4171 594 4236 qualem
622 4173 750 4223 Germani
826 4185 868 4234 44,
888 4197 935 4231 non
954 4182 1048 4230 illorum
1069 4177 1177 4245 papissa]
1201 4195 1239 4229 sc,
1257 4178 1354 4229 nobili.

173 4251 281 4312 .di⁰¹11¹i
298 4249 419 4313 mindi,
439 4249 537 4300 Graeci
554 4242 707 4314 βάναυσον·
792 4261 860 4310 batis
879 4257 986 4323 flagitia
1003 4256 1086 4308 mulio
1099 4257 1177 4322 plura
1193 4256 1248 4308 dici
1261 4271 1355 4320 posca-

220 4351 323 4403 copuma
344 4351 415 4400 quam
433 4333 548 4401 villicum]
567 4337 677 4401 Ooquos,
696 4336 750 4386 vile
792 4336 868 4386 bani.
