3070 4852
509 283 702 332 monerem.
726 283 756 332 o.
781 283 837 331 xc.
862 283 932 333 xor.
957 285 1040 332 nou.
1299 271 1358 332 221

188 460 273 502 xuma
297 441 381 510 iacit;
412 440 479 501 dein
505 443 589 502 tertia
621 441 710 504 multo
735 449 799 500 ante
830 440 903 500 lucis
927 440 1080 502 adventum
1109 441 1243 520 pervenit
1270 441 1298 500 in
1319 441 1362 500 lo·

191 573 254 614 cum
277 553 468 629 tumulosum,
491 552 527 613 ab
549 552 645 633 Capsa
667 569 725 612 non
746 551 869 630 amplius
889 550 973 611 duum
993 552 1097 612 milium
1119 551 1289 628 intervallo,
1312 550 1362 609 ibi-

160 681 264 742 4que,
288 681 373 742 quam
392 663 598 724 occultissume
619 671 732 743 potest,
751 679 815 721 cum
836 659 968 722 omuibus
989 662 1084 740 copiis
1106 663 1269 742 opperitur.
1304 660 1363 720 Sed

190 774 236 834 ubi
259 773 322 832 dies
346 774 459 852 coepit,
491 784 519 836 ct
540 774 697 851 Numidae,
726 771 795 832 nihil
817 771 923 831 hostile
945 781 1122 849 metuentes,
1151 772 1230 831 multi
1252 771 1362 851 oppido

190 885 322 962 egressi,
352 894 476 963 repente
499 903 613 946 omnem
636 886 792 964 equitatum
815 894 844 945 et
864 902 927 943 cum
948 883 993 942 bis
1012 881 1227 942 velocissumos
1249 880 1363 960 pedites

191 983 276 1054 cursu
299 992 419 1054 tendere
442 995 477 1054 ad
501 995 625 1074 Capsam
649 1003 677 1054 et
700 1004 800 1075 portas
823 993 961 1054 obsidere
983 991 1076 1062 iubct;
1106 991 1212 1051 deinde
1234 993 1298 1070 ipse
1321 993 1362 1050 in-

161 1112 286 1165 otcutus
309 1121 439 1184 propere
467 1106 566 1184 sequi,
594 1122 689 1183 neque
718 1105 824 1165 milites
853 1103 986 1183 praedari
1015 1103 1121 1161 sinere.
1172 1101 1254 1177 Quae
1283 1071 1362 1181 post·-

192 1231 277 1292 quam
300 1213 439 1294 oppidani
462 1233 647 1293 cognovere,
677 1234 726 1275 res
747 1213 895 1294 trepidae,
923 1223 1016 1274 metus
1038 1213 1157 1290 ingens,
1187 1210 1290 1270 malum
1313 1213 1362 1271 im-

193 1324 357 1403 provisum,
387 1324 423 1386 ad
446 1326 503 1386 boc
533 1344 602 1406 pars
625 1327 729 1386 civium
756 1334 838 1385 extra
860 1326 972 1385 moenia
1001 1325 1029 1382 in
1058 1323 1182 1383 hostium
1204 1331 1362 1402 potestate,

162 1441 341 1513 occepere,
365 1438 403 1496 uti
426 1436 602 1498 deditionem
624 1437 765 1497 iacerent.
806 1436 941 1496 Ceterum
962 1434 1100 1513 oppidum
1120 1433 1283 1510 incensum,
1305 1432 1363 1492 Nu·

193 1545 287 1605 midae
319 1545 447 1625 puberes
479 1547 642 1624 interiecti,
672 1548 720 1607 alii
747 1565 848 1606 omnes
878 1543 1056 1622 venumdati,
1092 1543 1200 1623 praeda
1228 1544 1363 1606 militibus

164 1657 294 1716 tdivisa.
338 1656 370 1717 ld
392 1657 505 1717 lacinus
528 1666 628 1718 contra
654 1659 698 1718 ius
721 1656 791 1717 belli
812 1675 870 1716 uon
893 1657 1010 1716 avaritia
1031 1671 1127 1732 neque
1153 1654 1268 1714 scelere
1295 1673 1362 1715 con·

193 1767 265 1826 sulis
292 1766 460 1845 admissum,
489 1768 542 1829 sed
565 1771 629 1848 quia
658 1769 742 1829 locus
764 1767 919 1845 iugurthae
947 1775 1145 1844 opportunus,
1174 1763 1258 1823 nobis
1287 1765 1363 1824 aditu

193 1878 335 1956 difficilis,
359 1897 452 1956 genus
474 1879 618 1940 homiuum
640 1877 766 1956 mobile,
789 1877 904 1938 infidum
924 1884 1005 1952 ante,
1029 1892 1123 1952 neque
1147 1874 1291 1934 beneficio
1314 1892 1362 1932 ne·

194 2007 251 2069 que
274 1998 351 2048 metu
375 1987 544 2050 coercitum.

279 2098 370 2170 xou,
417 2087 573 2180 Postquam
600 2108 706 2160 tautam
733 2117 794 2159 rem
816 2097 924 2157 Marius
947 2097 1009 2155 siue
1035 2095 1094 2155 ullo
1116 2113 1233 2155 suorum
1255 2097 1362 2155 incom-

194 2209 281 2270 modo
303 2211 444 2289 patravit,
472 2228 594 2287 magnus
617 2220 646 2270 et
669 2209 766 2269 clarus
788 2217 889 2284 antea,
914 2208 1006 2267 maior
1026 2216 1112 2286 atque
1135 2206 1241 2267 clarior
1262 2205 1364 2265 baberi

166 2322 304 2399 accepit.
350 2321 468 2398 Omnia,
498 2338 554 2381 non
578 2321 653 2380 bene
677 2318 808 2381 consulta
831 2317 935 2396 modo,
968 2319 1173 2378 verumetiam
1197 2315 1363 2393 casudata,

195 2431 223 2489 iu
247 2433 379 2491 virtutem
401 2431 605 2502 trahebantur;
634 2431 755 2508 milites,
782 2429 915 2490 modesto
943 2429 1067 2508 imperio
1096 2428 1200 2506 habiti,
1231 2427 1365 2487 simulet

196 2541 377 2621 locupletes,
399 2543 435 2603 ad
458 2543 571 2604 coelum
591 2521 685 2620 icrre,
709 2539 958 2646 Numidaesmagis
977 2558 1061 2618 quam
1082 2539 1233 2600 mortalem
1252 2540 1365 2616 timere,

197 2664 345 2731 postremo
368 2673 485 2733 omues,
508 2655 581 2714 socii
603 2663 689 2731 atque
712 2651 831 2727 hostes,
856 2649 995 2728 credere,
1018 2651 1058 2710 illi
1081 2661 1127 2710 aut
1149 2659 1273 2710 mentem
1294 2648 1364 2707 divi-

195 2845 272 2891 sexto
289 2841 395 2892 itineris
420 2843 477 2904 die,
505 2839 673 2906 quodie-
694 2853 758 2887 von·
787 2835 869 2884 'Anm
889 2836 937 2896 IV,
956 2835 998 2897 30,
1018 2837 1042 2884 2.
1062 2837 1212 2897 Delatores,
1230 2834 1382 2900 penando.

195 2921 252 2967 tum
272 2922 322 2970 est.
799 2917 886 2964 acierum
910 2916 1000 2974 poeuis
1027 2915 1123 2976 peridem
1153 2929 1276 2978 marronam
1301 2917 1365 2964 sutis

231 3017 256 3064 2.
275 3013 384 3065 crucibus
399 3015 509 3064 sarcinis
527 3012 632 3062 abiectio
648 3037 683 3046 —
700 3023 758 3058 oue·
800 2993 984 3050 mimum,
1013 3005 1062 3052 W
1087 2995 1202 3054 praemla
1231 2991 1366 3042 elicieban-

161 3110 166 3121 ·
197 3089 269 3157 rare]
289 3093 375 3154 Haec,
393 3108 440 3157 per
452 3090 614 3156 epexegesin
628 3087 664 3138 ad
675 3088 759 3137 verba
800 3079 850 3121 W·

194 3177 305 3230 paratos
328 3161 384 3219 csse
405 3169 471 3219 iubet
493 3168 593 3229 relata,
619 3165 759 3216 declarant
836 3153 923 3203 XCII·
943 3155 968 3202 2·
988 3149 1164 3218 tradebantur]
1185 3153 1237 3202 Per
1252 3165 1364 3215 zeugma

196 3249 308 3311 modum,
329 3263 381 3312 quo
399 3247 502 3297 Marius
525 3245 624 3294 milites
648 3244 760 3308 paratos
803 3232 831 3281 h.
849 3247 875 3281 V.
896 3230 1012 3281 refertur
1024 3231 1059 3280 ad
1071 3231 1155 3281 verba
1171 3231 1232 3281 bene
1243 3231 1365 3292 consulta,

198 3340 258 3375 esse
276 3324 370 3386 vellet3
396 3339 464 3390 quae
482 3322 647 3389 precedunt,
674 3323 711 3370 ruti
727 3347 761 3355 -
804 3325 874 3377 quae
891 3323 938 3374 pel·
954 3324 983 3359 se
998 3309 1258 3376 concoenobitam,
1277 3324 1365 3373 neque

197 3407 392 3469 eprederentur‚
419 3386 598 3468 praemittunl
627 3401 761 3474 noerolium,
804 3389 832 3438 5¹1
859 3389 987 3438 Virtutem
1011 3387 1144 3439 trahenda
1168 3392 1259 3450 Oranti
1283 3403 1309 3437 V·
1330 3385 1366 3435 fid

200 3497 252 3546 quo
268 3485 379 3546 paratos
399 3497 458 3532 esse
480 3479 594 3530 iuberet.
804 3468 863 3531 Iug.
886 3467 935 3528 14,
954 3468 979 3515 4.
1006 3465 1050 3516 Ad
1072 3469 1233 3518 sententiam
1256 3467 1292 3521 ci.
1313 3467 1367 3516 Ta-

666 3571 715 3634 48,
735 3569 760 3622 3Ι
804 3545 851 3595 cit·
871 3543 1072 3607 Ann.11,8u‚
1094 3547 1117 3596 1.
1139 3545 1253 3600 Tiberius
1269 3552 1366 3602 cuncta,

804 3626 877 3675 etiam
892 3623 1014 3686 fortuita,
1033 3625 1069 3673 ud
1083 3627 1190 3690 plemam
1208 3617 1331 3677 vertebat.

839 3707 957 3774 modesto]
982 3709 1000 3760 i.
1025 3725 1049 3762 e.
1072 3711 1193 3773 modico,
1217 3711 1288 3771 leni,
1310 3722 1365 3757 non

233 3575 257 3626 3.
279 3577 351 3626 duum
367 3573 465 3641 anilium]
489 3591 514 3624 v.
537 3572 572 3623 ad
590 3574 649 3638 Ing.

233 3677 259 3724 4.
278 3671 357 3738 multi]
378 3672 420 3724 Ad
438 3672 549 3722 verbum
568 3670 706 3736 pertinens
721 3672 762 3717 est

199 3766 286 3815 ’ΜΨ
304 3766 413 3801 'mmm'
493 3842 499 3854 ,
686 3807 691 3816 ·
805 3785 871 3836 duro
886 3789 934 3834 aut
953 3800 1051 3846 saev03
1070 3786 1105 3835 cf.
1119 3787 1269 3851 Iug.4l,2.
1289 3785 1363 3838 Hist.

234 3841 351 3910 intentus]
374 3843 533 3896 Germanice
552 3839 650 3890 reddes
665 3838 763 3902 scblup-
804 3864 850 3916 Fr·
871 3865 899 3926 Ι,
922 3863 962 3914 11·
1305 3875 1310 3884 .

121 3997 126 4006 ‚
198 3924 286 3988 fertio·
583 4011 590 4024 ο
837 3946 972 4014 postremo]
993 3962 1019 4000 v.
1039 3947 1074 3997 ad
1092 3945 1153 3999 Cet.
1175 3948 1219 4009 14,
1238 3945 1264 3998 3.

234 4017 259 4067 5·
285 4032 350 4080 pm
377 4015 462 4066 ‘illlum
488 4009 552 4075 em]
582 4028 599 4059 ¹·
627 4027 650 4063 θ·
680 4010 764 4074 qm
838 4032 910 4099 socii]
931 4034 992 4084 Non
1016 4036 1080 4081 sunt
1106 4031 1201 4096 copiae
1220 4029 1365 4080 auxiliares

198 4105 262 4153 pm
280 4095 366 4144 “illm''
382 4123 416 4132 “
433 4094 457 4140 5²²
472 4093 599 4154 mmm
618 4095 696 4135 ΒΜ
803 4113 831 4162 in
866 4113 986 4162 exercitu
1017 4111 1155 4170 Romano,
1190 4109 1237 4159 scd
1267 4108 1365 4160 latiore

234 4185 259 4236 θ’
277 4184 394 4251 Celerum]
416 4201 441 4234 V·
463 4182 497 4232 ad
516 4180 576 4230 ΟΜ·
598 4178 646 4240 51,
665 4180 708 4229 2⁶·
804 4189 937 4252 sensuit,
956 4203 1023 4253 quos
1042 4188 1147 4238 Marius
1163 4203 1222 4237 suos
1236 4186 1365 4248 habebat,

236 4267 260 4314 7.
279 4263 421 4330 admissum]
441 4280 467 4313 v.
489 4260 523 4311 ad
541 4259 601 4324 lug.
622 4259 671 4322 53,
690 4261 715 4311 7·.
802 4269 820 4318 i.
833 4283 855 4317 e.
874 4267 1027 4332 quicunque
1044 4280 1092 4329 pro
1111 4281 1143 4315 eo
1162 4267 1274 4316 stabant
1288 4263 1365 4332 (Ger-

236 4346 376 4414 coercitum]
397 4365 422 4399 v.
443 4347 478 4398 ad
496 4348 556 4410 lug.
575 4346 606 4408 2,
626 4343 651 4394 3.
670 4343 759 4396 Tacit.
802 4345 921 4396 manico:
942 4342 1045 4392 &eund
1061 4342 1113 4391 und
1129 4341 1230 4408 Feind).
