3028 4852
313 308 360 354 nn
384 308 566 360 sannusnu
587 310 741 360 scurnum
768 312 984 362 scamnum
1008 313 1158 364 unusne.
1282 306 1321 365 17

150 465 224 524 citer
243 466 383 544 exquirit,
406 465 510 545 quibus
530 465 657 546 quidque
677 469 806 530 consiliis
824 478 939 548 gestum
959 471 1011 548 sit,
1035 469 1160 532 dilucide
1181 471 1320 552 explicat,

150 585 273 636 eventus
296 595 360 637 cum
388 577 518 638 consiliis
540 587 677 639 accurate
697 580 860 658 componit,
890 598 996 658 magno
1020 599 1116 642 rerum
1144 591 1247 642 usust
1270 601 1320 661 pe·

149 688 214 748 ritis
241 690 397 748 instructus
425 689 508 767 nihil,
539 689 617 768 quod
646 689 743 769 aliquo
771 699 916 751 momento
942 701 1000 769 est,
1039 693 1254 772 praetermittit,
1282 702 1320 769 et,

148 797 227 877 quod
253 799 281 858 in
310 817 426 879 quaque
458 819 490 859 re
518 801 670 861 maximum
693 811 738 862 est
766 811 795 861 et
817 803 1021 882 praecipuum,
1050 803 1191 862 lectorum
1220 804 1322 863 animis

148 919 283 988 tanquam
310 911 484 972 luculentam
509 911 663 990 imaginem
693 910 801 972 obiicit.
852 913 933 974 Haud
968 921 1145 993 postremum
1171 923 1265 973 autem
1293 913 1321 973 in

148 1021 234 1080 tantis
257 1021 320 1080 eius
341 1020 492 1082 virtutibus
520 1021 616 1084 locum
639 1022 749 1083 obtinet
772 1025 895 1102 veritas,
924 1023 1005 1084 ouius
1028 1042 1060 1084 se
1083 1022 1321 1084 studiosissimum

148 1148 183 1191 ao
205 1130 455 1209 diligentissimum
479 1151 547 1192 esse
573 1133 611 1193 ita
637 1132 691 1192 sibi
718 1143 762 1194 est
783 1135 935 1214 conscius,
957 1143 988 1194 ut
1008 1151 1045 1194 ne
1066 1132 1183 1194 'lacitus
1206 1133 1321 1214 quidem

149 1241 206 1302 boc
235 1243 351 1302 nomine
373 1243 400 1302 ei
424 1241 636 1320 praeferendus
662 1242 808 1316 videntum
839 1263 903 1306 nam
926 1242 1004 1324 quod
1031 1243 1081 1305 ills
1105 1244 1228 1322 egregie
1254 1241 1322 1304 dicit

115 1353 117 1360 ’
148 1353 217 1414 ciue
237 1353 289 1412 iro
319 1360 348 1414 et
370 1351 474 1414 studio
503 1371 536 1413 se
560 1352 709 1431 scribere,
743 1373 874 1436 quorum
900 1371 1035 1416 caussas
1061 1353 1175 1433 procul
1194 1351 1320 1430 babeat,

152 1463 227 1523 idem
253 1462 407 1523 Sallustius
429 1479 486 1523 nou
513 1464 623 1524 minore
648 1465 709 1525 iure
742 1465 797 1527 sibi
820 1465 962 1541 vindicat,
992 1465 1020 1523 in
1042 1463 1231 1525 ilistoriarum
1255 1482 1320 1546 pro·

151 1575 246 1634 oemio
266 1591 330 1634 non
350 1591 385 1633 se
403 1572 563 1634 divorsum
581 1581 702 1653 purtem
721 1577 753 1638 iu
775 1574 919 1638 civilibus
941 1575 1038 1636 armis
1060 1575 1229 1637 mosiacen
1246 1594 1321 1637 sero

148 1684 312 1764 professus.
364 1680 430 1742 Non
462 1683 537 1744 ialso
572 1701 636 1744 eum
670 1686 727 1746 boc
756 1686 793 1746 de
828 1705 861 1746 ss
895 1684 1082 1764 praedicare,
1118 1685 1226 1765 scripta
1259 1684 1322 1745 eius

150 1796 221 1856 satis
244 1812 393 1874 superque
413 1793 582 1864 ostendunt;
613 1795 722 1877 quippe
743 1796 811 1857 nibil
832 1795 923 1872 celat,
945 1793 1013 1854 nibil
1038 1792 1164 1873 obtegit,
1188 1812 1321 1874 quaeque

149 1906 198 1966 rel
222 1905 250 1964 in
274 1903 393 1965 civitate
415 1905 520 1966 delicta
543 1915 623 1984 sunt,
645 1907 693 1968 vel
715 1927 731 1968 a
752 1905 876 1984 singulis
897 1922 988 1984 prave
1008 1913 1087 1981 acta,
1111 1904 1149 1964 ita
1171 1915 1269 1981 notat,
1292 1914 1321 1966 ut

150 2017 235 2078 unice
253 2033 316 2093 res,
348 2033 405 2076 nou
437 2033 579 2099 personas
602 2026 755 2095 spectasse
785 2025 935 2096 appareat.
986 2013 1077 2075 Tanta
1108 2022 1203 2072 autem
1232 2014 1259 2074 in
1284 2031 1320 2074 eo

150 2126 301 2205 aequitas,
330 2133 407 2186 tanta
437 2126 615 2205 moderatio,
645 2128 684 2187 ita
711 2129 821 2188 animus
849 2126 885 2188 ab
908 2123 975 2185 odio
1004 2133 1033 2184 st
1055 2121 1211 2203 cupiditate
1235 2123 1320 2199 liber,

149 2245 193 2314 ut,
224 2235 356 2314 quamvis
376 2237 555 2315 ingenuitate
582 2236 636 2298 sibi
663 2239 746 2298 insita
771 2257 893 2301 caussae
923 2234 1018 2316 plebis
1040 2235 1058 2295 i.
1082 2251 1109 2293 e.
1132 2231 1259 2294 libertati
1280 2233 1321 2294 ia·

149 2355 235 2424 reat,
265 2347 354 2408 nihilo
373 2348 466 2408 minus
486 2349 578 2429 ipsam
601 2347 718 2427 plebem
739 2349 800 2409 sive
827 2368 865 2409 ex
887 2345 1023 2408 secundis
1042 2345 1132 2406 rebus
1149 2343 1321 2404 insolentem

153 2458 232 2540 (lug.
253 2459 314 2533 40,
334 2456 397 2535 5.),
418 2459 481 2518 sive
501 2476 597 2519 rerum
616 2456 754 2519 novarum
776 2460 909 2539 cupidam
929 2455 1009 2537 (Cat.
1031 2457 1088 2534 37,
1109 2455 1127 2516 3
1149 2453 1232 2533 sqq.)
1255 2471 1320 2532 pra·

149 2569 248 2629 vitatis
271 2577 390 2645 arguat,
414 2585 450 2628 aa
473 2568 655 2630 turbulentos
674 2571 737 2629 eius
760 2570 850 2630 duces
872 2565 952 2648 (Cat.
975 2563 1190 2643 astogii,
1214 2563 1242 2624 2.
1271 2562 1320 2624 Fr.

149 2677 222 2738 llist.
245 2678 274 2755 l,
301 2680 350 2738 11.
373 2680 429 2757 tv,
453 2679 521 2758 57.)
551 2681 707 2757 vituperet.
752 2681 864 2741 liursus
892 2676 1050 2739 nobilitatis
1078 2673 1193 2752 quidem
1220 2674 1321 2752 iniqui·

150 2797 237 2849 tatem
260 2799 290 2849 et
311 2787 429 2848 iniurias
451 2787 479 2846 in
513 2785 630 2864 plebem
659 2788 766 2868 ubique
788 2789 919 2868 graviter
942 2787 1085 2864 castigat,
1112 2792 1141 2844 et
1164 2792 1270 2862 quanto
1293 2783 1321 2872 in

152 2898 220 2959 odio
243 2900 359 2960 illorum
381 2899 542 2958 inueterata
568 2900 654 2976 vitia,
678 2899 876 2975 insolentiam,
906 2895 1088 2976 superbiam,
1116 2893 1320 2970 arrogantiam,

150 3011 323 3085 vanitatem,
363 3007 510 3068 avaritiam
544 3019 573 3069 et
607 3009 772 3070 dominandi
801 3007 986 3088 cupiditatem
1020 3002 1142 3079 habeat,
1178 3019 1321 3080 uunquam

150 3136 210 3178 non
231 3118 378 3186 declarem
405 3134 501 3195 neque
527 3126 624 3178 tamen
648 3137 739 3180 caeco
768 3119 909 3179 adversae
935 3116 1026 3197 partis
1054 3113 1122 3174 odio
1152 3112 1192 3172 ita
1214 3109 1320 3191 abripi·

150 3237 213 3306 tur,
234 3237 358 3304 utnon,
380 3225 457 3305 quod
477 3228 504 3286 iu
525 3227 674 3290 nobilitate
695 3209 811 3307 sanum,
833 3247 948 3304 verum,
970 3225 1122 3305 egregium
1141 3222 1208 3301 init,
1230 3239 1319 3302 agno·

152 3349 224 3400 scat.
268 3338 311 3399 lta
332 3337 452 3399 Catonis
482 3339 614 3400 virtutem
636 3341 752 3400 summis
782 3339 866 3399 eiiert
888 3336 1037 3413 laudibus,
1070 3332 1218 3396 lietellum
1245 3334 1320 3392 iusto

152 3449 312 3531 praeconio
332 3465 390 3508 non
410 3451 522 3529 privat,
544 3448 692 3528 Catulum,
711 3467 882 3529 quamquam
901 3465 959 3508 non
978 3447 1005 3506 in
1028 3444 1159 3506 omnibus
1180 3442 1234 3503 sibi
1254 3459 1320 3521 pro·

151 3561 265 3638 batum,
289 3559 366 3638 quod
389 3561 535 3638 rogationi
559 3559 698 3622 Gabinius
720 3559 836 3620 obviam
858 3559 922 3636 ivit,
942 3557 1048 3618 bonum
1068 3554 1168 3615 dicere
1190 3568 1247 3612 non
1269 3551 1319 3611 du·

151 3671 240 3747 bitat,
271 3670 389 3749 quinia
414 3671 479 3751 ipso
503 3670 600 3747 Sulla,
631 3689 705 3750 quae
731 3673 759 3731 in
784 3687 820 3730 eo
850 3669 954 3730 eximia
984 3674 1084 3742 erant,
1113 3660 1188 3723 haud
1214 3661 1319 3721 invitus

153 3780 320 3861 praedicat3
344 3780 427 3841 illarii
450 3800 521 3842 vero
545 3778 646 3840 laudes
669 3780 797 3860 prudens
819 3789 905 3859 atque
929 3785 1010 3838 certo
1032 3773 1137 3835 iudicio
1160 3772 1198 3831 ita
1221 3768 1319 3830 mode·

152 3900 245 3968 ratur,
267 3899 298 3950 ut
320 3891 412 3950 minus
434 3910 497 3952 eum
520 3890 629 3951 ornarit
651 3909 734 3970 quam
756 3891 821 3968 ipse
843 3887 964 3965 Cicero,
995 3885 1059 3964 qui,
1090 3900 1175 3963 quem
1199 3897 1319 3958 prorsus

153 4000 288 4061 damnare
317 3999 460 4078 debebat,
491 4019 546 4082 pro
574 3999 701 4060 vanitate
731 4018 782 4059 sua
810 4007 897 4077 atque
919 3995 1028 4075 ingenii
1056 3991 1216 4053 mobilitate
1244 3987 1318 4048 haud
1398 4077 1402 4084 Ι

154 4127 221 4171 raro
245 4111 349 4170 eximie
376 4111 580 4172 celebiaverit.
626 4108 672 4169 bd
691 4108 748 4169 boe
771 4127 856 4187 quum
881 4123 1006 4166 summus
1037 4106 1072 4164 sit
1094 4100 1199 4162 artilex
1221 4115 1319 4158 mores

154 4222 297 4282 hominum
320 4220 519 4298 describendi,
549 4221 701 4298 regionum
726 4227 855 4278 naturam
881 4225 967 4295 atque
993 4214 1125 4274 locorum
1152 4209 1234 4300 situm
1256 4207 1318 4267 illu·

154 4333 282 4409 strandi,
310 4331 438 4410 gentium
463 4330 695 4411 populorumque
718 4336 804 4406 atque
829 4335 991 4403 temporum
1014 4330 1176 4382 accuratam
1198 4327 1228 4378 et
1248 4317 1318 4377 luci·

127 4487 130 4493 1
219 4461 374 4504 sannusn.
1092 4430 1111 4490 2
