3024 4852
560 306 752 358 rucunrun.
782 306 812 354 o.
837 305 908 358 ruv.
1253 295 1312 358 139
1354 317 1359 330 ·

150 467 263 528 iuribus
284 469 357 528 meis
381 467 506 546 populus
527 467 675 527 Romanus
696 463 789 542 dedit,
813 463 887 524 unde
910 472 993 544 pater
1015 471 1044 524 et
1066 479 1138 524 avus
1158 481 1237 524 meus
1259 481 1313 524 una

150 578 302 640 vobiscum
324 577 468 656 expulere
487 575 651 656 Syphacem
681 583 710 636 et
738 573 995 652 Carthaginiensis.
1039 577 1145 636 Vostra
1174 573 1315 635 beneficia

150 688 218 748 mibi
248 697 349 769 erepta
377 696 455 766 sunt,
493 698 592 768 patres
620 686 795 763 conscripti,
826 704 881 748 vos
911 687 940 746 in
966 704 1030 746 mea
1060 686 1159 746 iniuria
1184 685 1316 764 despecti

121 799 232 860 uestis.
276 799 358 860 Idireu
389 817 436 860 me
458 798 609 860 miserum!
652 797 797 874 Huncine,
826 797 950 876 Micipsa
977 805 1077 876 pater,
1106 793 1244 868 beneficia
1267 803 1314 856 tua

151 927 290 986 evasere,
319 919 367 987 ut,
397 929 483 989 quem
505 919 535 971 tu
558 926 658 988 parem
682 925 745 968 cum
765 908 867 968 liberis
893 907 949 968 tuis
977 907 1120 985 regnique
1148 906 1315 986 participem

150 1018 263 1096 iecisti,
292 1019 317 1080 is
340 1021 531 1099 potissumum,
555 1020 655 1098 stirpis
683 1027 749 1078 tuae
780 1019 941 1078 exstinctor
963 1015 1020 1078 snt
1062 1015 1221 1095 Numquam
1243 1035 1315 1094 ergo

145 1128 257 1189 *familia
283 1140 384 1191 nostra
404 1133 501 1209 quieta
524 1127 600 1190 erit?
628 1145 785 1206 semperne
810 1127 1014 1206 insanguine,
1043 1127 1140 1204 ierro,
1164 1127 1233 1205 iuga
1251 1145 1316 1188 ver·

109 1237 301 1301 locabimur?
343 1240 417 1302 Dum
441 1237 698 1316 Carthaginienses
720 1237 881 1298 incolumes
902 1239 1001 1317 fuere,
1033 1238 1096 1299 iure
1118 1240 1208 1300 omnia
1231 1256 1317 1298 saeva

152 1348 348 1428 patiebamur;
378 1350 481 1410 hostes
503 1348 539 1410 ah
563 1349 670 1426 latere,
698 1366 753 1408 vos
770 1348 854 1408 amici
876 1349 996 1428 procul,
1020 1367 1090 1430 spes
1112 1351 1202 1412 omnis
1223 1350 1251 1410 in
1273 1367 1317 1410 ar·

142 1460 206 1546 ¹mis
233 1469 306 1520 erat.
351 1459 508 1538 Postquam
534 1459 582 1520 illa
606 1459 698 1538 pestis
726 1477 764 1520 ex
783 1458 883 1520 Airica
913 1461 1006 1522 eiecta
1030 1469 1089 1539 est,
1119 1461 1187 1524 laeti
1210 1477 1350 1548 praem!

151 1568 347 1647 agitabamus,
372 1571 481 1651 quippe
499 1572 563 1650 quis
583 1570 675 1632 hostis
696 1569 791 1628 nuilus
812 1579 889 1649 erat,
910 1571 965 1632 nisi
983 1572 1059 1634 iorte
1083 1591 1167 1651 quem
1188 1590 1243 1633 vos
1261 1571 1318 1630 ius·

109 1688 140 1738 11
154 1679 277 1740 sissetis.
321 1680 401 1742 Ecce
423 1690 518 1742 autem
545 1700 583 1742 ex
612 1680 772 1760 improviso
800 1679 954 1760 iugurtha,
984 1682 1164 1744 intoleranda
1190 1681 1319 1758 audacia,

152 1791 268 1852 scelere
292 1799 380 1870 atque
403 1792 540 1870 superbia
560 1811 627 1852 sesa
650 1790 802 1868 ecferens,
824 1791 913 1851 iratre
933 1810 999 1852 meo
1020 1801 1106 1871 atque
1127 1792 1229 1853 eodem
1251 1808 1319 1870 pro·

83 1984 86 1990 .
152 1902 264 1980 pinquo
287 1917 341 1964 suo
370 1901 542 1980 interiecto,
570 1904 690 1982 primum
719 1919 841 1978 regnum
871 1903 933 1960 cius
951 1901 1080 1962 sceleris
1109 1902 1152 1964 sui
1183 1901 1320 1980 praedam

151 2011 238 2088 iecit,
269 2019 352 2091 post,
384 2011 432 2071 uhi
454 2031 500 2072 me
521 2012 613 2073 isdem
639 2012 715 2073 dolis
742 2013 843 2091 nequit
866 2029 990 2091 capere,
1021 2011 1090 2072 nihii
1118 2013 1208 2076 minna
1236 2029 1320 2089 qnam

9 2187 10 2192 .
152 2122 210 2181 vim
232 2130 281 2181 aut
302 2119 410 2182 bellurn
433 2131 655 2201 exspectantem
677 2123 705 2182 in
727 2121 850 2201 imperio
874 2129 990 2198 vostro,
1019 2123 1103 2184 sicuti
1124 2121 1243 2200 videtis,
1270 2140 1320 2182 ex·

14 2287 18 2293 .
107 2235 120 2247 '
151 2240 262 2292 torrem
284 2234 389 2310 patria,
418 2230 519 2310 domo,
541 2234 660 2313 inopem
683 2241 712 2293 et
734 2240 907 2312 coopertum
927 2231 1052 2292 miseriis
1075 2233 1186 2311 edocit,
1210 2241 1240 2294 ut
1262 2232 1321 2294 ubi·

66 2371 79 2400 ι
109 2343 198 2403 levis
216 2343 303 2402 tutius
323 2361 408 2421 qoam
428 2344 456 2402 in
475 2363 542 2404 meo
560 2361 654 2422 regno
678 2362 784 2405 essem.
828 2341 895 2421 Ego
916 2344 960 2402 sio
982 2342 1202 2422 existumaham‚
1222 2353 1322 2424 patres

149 2534 312 2580 constantiam
332 2531 399 2580 citae
416 2531 611 2581 commanerem?
637 2531 718 2596 dipni-
796 2532 837 2583 10.
855 2529 921 2596 iure]
946 2533 964 2582 i.
990 2546 1013 2581 e.
1038 2537 1069 2582 ut
1092 2534 1171 2584 aliter
1194 2531 1252 2582 fieri
1268 2547 1322 2580 non

149 2611 243 2660 tatem?
264 2610 457 2660 liberalitatem?
478 2613 670 2662 moderationem
693 2615 719 2662 in
759 2612 882 2676 poterat,
913 2611 944 2658 ut
970 2623 1081 2659 necesse
1110 2614 1182 2672 erat;
1210 2610 1239 2658 in
1265 2609 1322 2657 inre

148 2691 256 2754 priuatis
271 2688 359 2746 rebus,
377 2689 536 2751 splendorem
553 2691 579 2739 in
594 2689 719 2751 publicis?
740 2709 742 2714 ¹
760 2675 831 2741 anim
860 2687 1011 2738 necessitas
1045 2702 1161 2749 summa;
1191 2688 1232 2738 cf.
1263 2686 1320 2737 Cic.

151 2767 222 2828 Quae
240 2768 276 2816 ita
294 2782 311 2815 a
326 2767 433 2829 fortuna
452 2768 635 2831 deformata
652 2773 720 2826 sunt,
759 2769 842 2818 Tusc.
860 2765 921 2826 111,
943 2763 990 2826 15,
1016 2764 1058 2815 31.
1083 2765 1159 2816 Iure
1185 2772 1242 2816 erat
1266 2763 1323 2826 (So-

151 2853 179 2896 ut
194 2852 274 2895 tarmen
286 2860 303 2893 a
315 2852 411 2894 notura
422 2844 538 2894 inchoata
549 2850 719 2905 compareant.
759 2840 852 2907 cratis)
860 2841 924 2891 idem
935 2856 1032 2902 semper
1042 2845 1132 2903 vuitus,
1146 2859 1216 2907 quum
1228 2843 1323 2902 mentis,

187 2932 294 2980 Romani
306 2927 406 2993 papati]
430 2930 492 2980 Hoc
515 2929 659 2978 verborum
677 2943 719 2976 01.
760 2937 777 2970 a
795 2934 845 2984 qua
864 2919 886 2966 is
906 2920 1022 2981 inuritur,
1041 2919 1110 2968 nnita
1123 2921 1199 2980 steret
1212 2920 1323 2969 mutatio.

153 2996 216 3056 dine
236 3006 337 3068 utitur,
362 3010 393 3055 ut
418 3021 478 3055 cnm
503 3005 532 3054 vi
555 3003 649 3053 efferat
665 3004 718 3074 Ro.
795 3007 888 3056 nisi-
901 3003 1048 3070 iussissetis]
1066 3004 1150 3056 Plena
1167 3005 1207 3054 sic
1222 3003 1325 3054 dictum

152 3098 262 3145 manos,
280 3084 345 3147 quic
356 3083 472 3134 Romani
486 3085 592 3144 essent,
607 3081 625 3130 i.
637 3095 660 3132 e.
671 3095 719 3145 po·
762 3087 835 3134 erat:
859 3082 912 3132 nisi
935 3081 1006 3131 forte
1028 3085 1051 3132 is
1077 3083 1142 3146 fuit,
1170 3097 1249 3146 quem
1275 3097 1324 3132 vos

152 3158 230 3224 polus
252 3162 308 3208 tam
327 3157 435 3209 validus
454 3163 536 3224 atque
560 3165 717 3225 generosus,
759 3162 831 3212 nobis
846 3160 940 3210 bostem
957 3173 1014 3210 esse
1031 3159 1190 3213 iussissetis.

154 3236 281 3287 debuisse
297 3237 422 3286 iniuriam
439 3236 591 3300 prohibere.
797 3255 838 3304 11·
859 3259 989 3303 eoeporrem
1009 3257 1098 3316 pam-a
1115 3281 1150 3292 -
1167 3253 1264 3320 effecit]
1288 3253 1324 3304 cf·

186 3328 321 3392 probibere
346 3327 470 3395 iniuriam]
503 3329 536 3378 In
562 3329 719 3380 universum
759 3333 833 3383 Hist.
857 3333 904 3384 Fr.
931 3331 961 3394 1,
986 3331 1035 3395 56,
1065 3331 1089 3383 3.
1120 3335 1233 3396 Lepidus
1256 3350 1288 3384 ce
1312 3348 1326 3383 a

151 3401 203 3454 hoc
223 3405 398 3470 dictumest,
422 3421 510 3472 neque
531 3397 589 3469 ita‚'
609 3409 640 3455 ut
658 3423 720 3472 sup·
760 3416 897 3471 aorttempto
911 3410 1100 3460 melisendam
1113 3412 1238 3476 effecit.
1258 3410 1325 3462 ibid.

151 3485 260 3551 piaatur
276 3501 294 3535 a
310 3501 357 3535 me.
760 3488 815 3549 IV,
838 3485 883 3550 19,
903 3486 928 3537 8.
947 3487 1112 3539 Eumenem
1130 3504 1165 3539 ecc
1187 3504 1248 3554 repe
1270 3488 1326 3536 mi-

187 3574 214 3624 8.
237 3575 330 3622 Verum
349 3586 394 3638 epo
412 3568 479 3636 etc]
497 3570 564 3622 Cum
581 3573 660 3638 gravi
678 3587 721 3623 es·
760 3566 1247 3630 serrumumseroorrcmeffecere.
1277 3564 1326 3614 Ce-

153 3649 326 3700 severationa
349 3649 465 3712 peperoli
494 3665 607 3702 caussae
637 3655 719 3701 antea
760 3645 848 3692 iesum
865 3640 933 3690 11⁸0ss
952 3642 1036 3693 verbu
1053 3639 1209 3706 primarium
1224 3643 1326 3692 consii-

152 3728 377 3778 commemoratae
390 3724 547 3790 adiungitur
560 3742 624 3779 nono
642 3727 719 3791 haec,
762 3722 843 3769 tuunt
855 3718 1039 3780 enunciatum,
1051 3719 1096 3768 cui
1108 3719 1251 3769 subiicitur
1264 3736 1326 3770 con-

154 3804 189 3854 ad
207 3804 283 3867 ipsos
295 3802 432 3851 Romanos
444 3804 579 3866 pertinere
592 3805 719 3855 iniuriam
761 3796 884 3846 secutiva
907 3794 1077 3856 enunciatio,
1098 3793 1203 3858 planius
1222 3811 1269 3859 par
1290 3798 1331 3846 ita⁴

154 3878 321 3946 aIugurtha
339 3878 452 3928 iactam.
760 3881 787 3922 ut
805 3870 984 3921 annectenda.

187 3963 213 4014 9.
229 3963 331 4012 bacam
342 3989 376 3997 -
389 3959 503 4026 evasere]
522 3962 540 4011 i.
558 3977 580 4014 s.
601 3961 720 4017 talemne
794 3960 872 4008 aazias
888 3986 923 3995 —
941 3952 1030 4019 erran]
1055 3952 1076 4026 i.
1092 3968 1116 4002 a.
1126 3952 1221 4026 ¹tutius,
1240 3952 1326 4018 agita-

154 4043 280 4089 evantnm
298 4037 430 4098 habacum
456 4038 492 4088 cf.
511 4038 574 4087 Tar.
594 4038 678 4100 Andr.
697 4041 720 4104 Ι,
761 4047 832 4095 rem,
851 4032 952 4082 tutiore
970 4030 1129 4081 condicione
1146 4044 1241 4098 essem.¹

154 4119 185 4178 2¹
218 4117 257 4166 5·'
277 4115 345 4166 Heri
370 4128 470 4176 semper
497 4116 587 4164 tenitas
613 4117 721 4168 verebar
797 4125 840 4174 12.
859 4127 897 4174 sic
916 4120 1105 4186 exmnmobam]
1127 4120 1171 4170 Sic
1188 4119 1328 4170 indefinite

155 4208 302 4260 44044444
319 4192 489 4243 evaderet·
763 4200 865 4250 dictum
889 4201 1040 4264 explicatur
1064 4200 1194 4262 sequente
1217 4213 1328 4250 accusa-

188 4275 273 4343 serro]
294 4278 313 4328 i.
333 4293 356 4328 e.
377 4291 482 4342 pugna,
500 4275 666 4338 certamine;
685 4275 721 4330 ci.
762 4278 820 4327 tivo
839 4294 864 4328 c.
883 4277 973 4339 infin.;
997 4275 1032 4328 oi.
1051 4275 1112 4326 cat.
1131 4275 1179 4338 bl,
1200 4275 1241 4327 15.
1265 4275 1326 4340 Ing.

154 4357 216 4428 lug.
236 4359 284 4420 42,
302 4358 329 4406 4.
741 4351 744 4360 ’
764 4353 830 4418 114,
849 4355 880 4412 2.
