3024 4852
227 267 287 350 16d
632 299 663 350 c.
687 300 855 350 sacnusm
880 298 993 350 cn1s1>1

225 464 307 516 tores
329 455 453 514 omnium
472 457 615 535 gentium,
640 458 710 517 satis
731 457 883 521 habebatis
901 461 1023 520 animam
1043 461 1185 530 retinere;
1216 477 1287 520 nam
1316 460 1424 520 servi-

225 575 313 625 tutem
337 565 451 644 quidem
473 567 536 645 quis
559 576 689 629 vostrum
712 587 851 630 recusare
872 567 1018 632 audebat?
1060 571 1158 650 Atque
1180 589 1255 648 ego,
1284 571 1455 631 tametsi-21

225 675 490 753 flagitiosissumum
519 680 661 739 existumo
695 682 811 758 impune
843 681 973 742 iniuriam
1006 683 1178 760 accepisse,
1214 691 1321 741 tamen
1358 700 1421 740 vos

225 787 388 848 bominibus
418 789 661 850 sceleratissumis
694 793 868 869 ignoscere,
906 793 1039 870 qnoniam
1071 793 1151 852 cives
1181 799 1263 868 sunt,
1305 811 1418 872 aequo

225 902 319 961 animo
339 909 472 981 paterer,
503 903 532 961 ni
551 901 752 962 misericordia
775 903 803 961 in
826 904 985 982 perniciem
1008 921 1110 964 casura
1134 913 1222 963 esset.
1267 901 1353 962 Nam
1384 913 1414 962 et
1425 915 1450 961 rr

223 1011 296 1090 illis,
320 1021 454 1091 quantum
474 1013 696 1092 importunitatis
715 1011 839 1090 habent,
863 1032 962 1093 parum
982 1024 1027 1074 est
1045 1017 1161 1093 impune
1177 1011 1253 1073 male
1274 1013 1413 1092 fecisse,

195 1175 197 1180 .
224 1123 279 1182 nisi
306 1122 413 1183 deinde
441 1122 567 1183 faciundi
596 1122 712 1183 licentia
742 1123 878 1202 eripitur,
913 1133 942 1184 et
969 1109 1199 1186 vobis'aeterna
1228 1123 1412 1184 sollicitudo

224 1232 399 1309 remanebit,
430 1251 515 1312 quum
543 1233 723 1311 intellegetis
751 1243 798 1294 ant
828 1234 1013 1294 serviundum
1044 1254 1111 1296 esse
1139 1244 1187 1296 aut
1214 1252 1270 1313 per
1298 1253 1410 1294 manus

225 1344 388 1404 libertatem
409 1342 597 1403 retinendam.
641 1343 714 1405 Nam
733 1344 799 1404 lidei
821 1345 935 1424 quidem
956 1355 1005 1406 ant
1028 1346 1206 1406 concordiae
1228 1362 1310 1422 quac
1331 1363 1410 1424 spes
1420 1354 1446 1403 itt

225 1452 293 1514 e'st‘l
336 1453 484 1512 Dominari
505 1453 547 1513 illi
570 1455 685 1532 volunt,
710 1473 765 1515 vos
786 1455 871 1516 liberi
893 1473 976 1525 esse:
1000 1457 1101 1518 iacere
1126 1456 1167 1516 illi
1187 1456 1325 1534 iniurias,
1350 1475 1410 1516 vos

224 1561 399 1642 probibere;
425 1571 575 1642 postremo
595 1566 685 1624 sociis
704 1567 812 1625 vostris
833 1565 922 1626 veluti
944 1566 1093 1643 hostibus,
1115 1565 1247 1626 hostibus
1272 1585 1334 1644 pro
1358 1586 1409 1627 so-

225 1674 278 1733 ciis
307 1674 431 1733 utuntur.
482 1674 622 1735 Potestne
652 1678 679 1735 in
701 1686 758 1736 tam
781 1676 907 1737 divorsis
933 1676 1163 1758 mentibus·pax
1192 1686 1240 1736 ant
1269 1677 1406 1738 amicitia
1419 1692 1446 1738 at

224 1783 313 1846 esse‘l
357 1785 454 1861 Quare
482 1804 588 1848 moneo
611 1787 772 1865 hortorque
800 1805 870 1864 vos,
903 1805 939 1847 ne
968 1797 1074 1848 tantum
1100 1787 1197 1847 scelus
1225 1789 1405 1866 impunitum
1418 1801 1445 1848 25

223 1897 371 1958 omittatis.
421 1893 488 1957 Non
517 1898 669 1977 peculatus
692 1899 787 1957 aerari
815 1897 909 1957 iactus
932 1907 989 1975 est,
1019 1916 1115 1977 neque
1142 1916 1196 1978 per
1221 1899 1278 1958 vim
1308 1900 1409 1958 sociis

223 2018 344 2088 ereptae
367 2009 527 2087 pecuniae,
552 2026 626 2087 quae
649 2025 819 2087 quamquam
840 2009 941 2085 gravia
963 2018 1043 2087 sunt,
1066 2019 1161 2069 tamen
1185 2009 1406 2070 consuetudine

172 2107 175 2114 ⁴
224 2121 279 2180 iam
303 2136 357 2199 pro
384 2119 473 2178 nihilo
503 2117 659 2188 habentur;
690 2118 767 2179 hosti
789 2137 943 2179 acerrumo
969 2119 1081 2198 prodita
1110 2121 1202 2180 senati
1226 2121 1405 2196 auotoritas,

222 2231 367 2310 proditum
395 2231 545 2306 imperium
580 2238 721 2299 vostrum;
758 2229 835 2289 domi
865 2229 1042 2309 militiaeque
1076 2229 1244 2310 respublica
1283 2232 1405 2291 venalis

222 2339 284 2400 luit.
330 2341 412 2414 Quae
434 2339 487 2397 nisi
509 2341 640 2417 quaesita
663 2349 761 2416 erunt,
783 2341 836 2399 nisi
859 2339 1032 2400 vindicatum
1055 2341 1082 2399 in
1103 2343 1224 2418 noxios,
1247 2341 1316 2419 quid
1342 2343 1400 2401 erit
1413 2359 1441 2406 ut

223 2448 386 2527 reliquum,
415 2448 469 2508 nisi
490 2457 520 2508 ut
541 2448 614 2527 illis,
646 2451 694 2528 qui
718 2468 752 2509 ea
775 2450 892 2528 iecere,
923 2448 1094 2511 obedientes
1122 2449 1277 2513 vivamus?
1322 2453 1401 2513 Nam

222 2561 340 2640 impune
363 2558 519 2638 quaelubet
540 2558 656 2636 iacere,
679 2559 707 2618 id
728 2569 772 2619 est
789 2578 891 2637 regem
909 2580 986 2621 esse.
1030 2562 1134 2641 Neque
1154 2581 1212 2640 ego
1231 2581 1302 2641 vos,
1324 2565 1399 2639 Qui·
1412 2577 1438 2624 at

223 2671 310 2747 rites,
334 2670 452 2749 hortor,
480 2680 510 2731 nt
528 2669 633 2730 malitis
655 2670 726 2729 civis
747 2679 866 2730 vostros
888 2690 1042 2751 perperam
1065 2691 1149 2752 quam
1169 2684 1250 2734 recte
1273 2675 1400 2753 iecisse,

257 2860 300 2912 21.
319 2859 404 2926 Atque
421 2857 476 2925 epo]
496 2875 522 2910 v.
542 2857 576 2909 ad
596 2855 658 2908 Cat.
676 2856 724 2918 51,
742 2853 786 2906 35.
864 2859 907 2907 24.
927 2860 951 2907 in
971 2865 1020 2908 tam
1038 2861 1146 2912 diuersis
1162 2831 1290 2927 mentibus]
1312 2878 1339 2914 v.
1364 2863 1400 2912 ad

256 2942 536 3004 in-pemiciemcaaura
548 2933 624 3001 esset]
644 2935 663 2986 i.
677 2951 701 2985 e.
715 2936 787 2984 talem
829 2933 890 2985 Cat.
911 2937 942 2997 2,
963 2935 1023 2999 lo,
1042 2944 1070 2989 et
1088 2938 1121 2990 de
1141 2939 1256 2991 divorsus
1272 2955 1341 2990 voce
1362 2940 1400 2992 ad
1473 2933 1474 2954 ¹

222 3020 315 3070 ercitum
331 3018 457 3078 dubitare,
477 3022 507 3067 ut
521 3014 667 3081 perniciem
682 3011 786 3062 afferat.
829 3010 889 3062 eat.
907 3013 940 3076 2,
963 3013 986 3064 1.

256 3107 304 3156 22.·
318 3112 475 3170 quantum—
487 3099 589 3167 babent]
606 3100 625 3152 i.
638 3117 660 3152 e.
676 3116 726 3166 pro
738 3100 787 3150 im·
864 3100 906 3150 25.
925 3099 991 3152 docti
1005 3119 1135 3153 acerrumo
1152 3101 1217 3168 etc]
1237 3101 1400 3153 Adversati-

219 3182 390 3246 portunitate
409 3194 458 3230 sua
480 3181 606 3230 maxima.
640 3178 789 3241 Importuni-
829 3191 891 3227 vam
914 3177 981 3228 haec
1004 3180 1166 3230 sententiam
1190 3180 1311 3229 inierunt
1335 3180 1397 3230 sine

220 3251 269 3308 tas
280 3263 370 3308 autem
387 3262 498 3307 constat
511 3256 624 3306 libidine
640 3260 724 3320 atque
742 3270 788 3305 au·
830 3255 992 3306 adversandi
1009 3257 1158 3321 particula;
1177 3258 1212 3308 cf.
1233 3257 1292 3308 Cat.
1306 3256 1349 3318 52,
1367 3257 1394 3308 6.

222 3336 302 3386 dacia
320 3335 487 3400 (germanice
502 3333 750 3398 Unvertcltd'mtdtet‘i).
864 3343 908 3396 26,
928 3343 999 3405 Quae
1014 3344 1064 3393 nisi
1083 3344 1197 3408 quaesita
1222 3340 1304 3406 erum]
1328 3343 1346 3390 i,
1368 3359 1394 3393 θ,

257 3419 347 3470 dende
366 3420 490 3484 faciundi]
512 3419 560 3471 Vis
580 3419 731 3470 sententiae
749 3420 788 3470 in·
829 3421 862 3472 de
885 3411 983 3486 quibus
1004 3421 1058 3470 nisi
1082 3422 1253 3486 quaestiones
1280 3421 1395 3472 habitae

222 3500 264 3545 est
292 3496 321 3544 in
348 3497 460 3548 notione
487 3496 624 3560 praeteriti
649 3499 786 3561 ⁴temporis
828 3502 916 3550 erunt.
1426 3497 1432 3508 “

220 3574 364 3641 (secisse),
406 3576 450 3626 cui
486 3575 633 3642 opponitur
662 3577 784 3638 futurum.
861 3581 1023 3648 repemeaae]
1044 3599 1071 3634 v.
1091 3583 1200 3648 adeat.
1219 3585 1249 3644 2,
1267 3583 1292 3632 l.
1309 3584 1394 3634 etad

222 3653 313 3717 Quare
331 3653 421 3704 ddnde
438 3653 511 3706 valet
528 3657 553 3705 in
567 3661 702 3717 posterea.
825 3663 886 3726 lug,
911 3661 959 3722 64,
985 3660 1010 3710 5.
1036 3659 1118 3710 Haud
1142 3660 1222 3710 dubie
1249 3660 1393 3711 Memmius

254 3755 304 3803 per
315 3735 411 3803 manus]
432 3739 451 3790 i.
465 3756 488 3791 e.
502 3740 632 3806 psr'vim3
651 3741 686 3792 ci.
702 3756 784 3806 supra
825 3737 939 3802 respicit
960 3737 1162 3794 criminationes
1185 3736 1338 3786 nobilitatis
1357 3739 1391 3789 de
1475 3775 1476 3782 ,

221 3822 246 3884 ξ.
268 3817 423 3881 18.39,1.
826 3831 909 3881 regno
933 3831 949 3865 a
974 3815 1017 3866 Ti.
1038 3813 1161 3867 Graccho
1186 3814 1327 3876 affectat03
1351 3819 1389 3869 cf.

254 3903 297 3958 23.
313 3904 376 3968 (idei
389 3929 423 3937 -
440 3901 600 3968 concordiae]
620 3918 658 3953 sc.
678 3902 783 3953 abillis
826 3892 852 3954 b·
870 3895 895 3944 7·

218 3981 410 4047 praestandae.
449 3982 492 4031 De
508 3981 644 4032 concordia
662 3995 689 4031 v.
708 3981 782 4032 Hist.
861 3980 904 4029 27.
924 3977 1011 4043 Neque
1025 3991 1070 4042 epo
1081 3975 1149 4042 etc]
1165 3967 1254 4040 Q'uum
1264 3974 1316 4025 bac
1330 3990 1389 4026 sen-

218 4057 265 4110 Fr.
284 4060 369 4122 1‚4o‚
388 4058 430 4109 24.
577 4083 579 4088 ·
825 4056 913 4106 tentia
930 4056 1131 4120 restringantur
1153 4055 1344 4120 praecedentia
1362 4061 1389 4106 st

218 4157 221 4163 <
254 4133 357 4200 omisis]
387 4134 432 4184 lta
455 4134 521 4184 dicit
546 4134 705 4198 Memmius,
729 4149 784 4184 non
825 4133 976 4196 leniantur,
1000 4149 1078 4198 neque
1101 4132 1238 4198 significat
1254 4150 1333 4199 neque
1350 4142 1388 4184 ta-

218 4214 326 4271 nostris,
345 4227 396 4277 quo
410 4213 540 4263 maiorem
551 4212 703 4263 maiestatis
718 4227 783 4263 suae
825 4229 894 4270 maa,-
917 4211 953 4261 cf.
977 4211 1039 4275 Ing.
1058 4211 1106 4274 20,
1127 4211 1152 4262 6.
1177 4213 1223 4276 57,
1243 4211 1268 4263 3.
1292 4213 1342 4274 st,
1360 4211 1385 4264 3.

219 4303 327 4338 sensum
345 4289 526 4353 maioremque
543 4288 733 4352 indignitatem
754 4289 783 4338 in
826 4289 889 4352 105,
908 4290 934 4338 2.
958 4287 1032 4336 Hist.
1050 4287 1096 4337 Fr.
1116 4285 1141 4349 Ι,
1162 4287 1205 4338 61.

219 4361 298 4428 plebe
314 4364 428 4423 excitem
445 4365 482 4414 ci.
501 4364 526 4424 β.
545 4365 589 4414 25.
858 4371 886 4414 ut
901 4364 991 4413 metita
1008 4389 1043 4401 —-
1061 4361 1166 4428 fecisse]
1195 4363 1214 4416 i.
1234 4379 1258 4414 e.
1280 4366 1311 4413 ut
1326 4364 1384 4416 tuct-
