3028 4852
338 275 386 323 ns
411 275 595 324 ssnnusrrr
616 277 718 346 vrrs,
741 277 889 326 mosum
912 277 957 326 nc
978 279 1144 328 reomaus.
1310 273 1328 332 't

159 443 244 496 ctore
266 434 345 494 illum
367 451 421 514 pro
442 435 571 514 pessimo
595 445 624 497 et
646 435 867 515 corruptissimo
888 435 1033 514 scriptore
1056 435 1188 500 babere?
1229 440 1269 500 dt
1290 439 1327 502 de

159 546 278 626 scriptis
301 565 349 606 res
377 555 455 608 sarta
483 553 561 608 tecta
588 556 646 616 est;
676 547 739 626 ipsa
763 565 817 626 pro
850 565 883 606 se
907 546 1080 626 loquuptur,
1109 549 1177 610 nibil
1200 569 1269 610 esse
1292 551 1328 612 iis

160 657 372 736 praestantius,
406 656 476 717 nihil
505 657 675 736 perfectius.
727 659 793 721 virt
824 665 918 716 autem
954 657 978 716 si
1010 658 1119 736 pariter
1145 670 1328 721 monstrosus

158 767 250 828 luisse
268 767 447 828 insimulatur
470 766 624 828 Sallustius
645 777 732 847 atque
755 767 889 848 scriptis,
921 768 987 847 quis
1008 785 1067 828 non
1090 769 1170 832 videt
1189 772 1247 832 hoc
1268 789 1326 832 uon

157 879 250 938 minus
272 896 341 939 esse
366 895 451 957 quam
473 877 543 938 illud
563 875 769 940 falsissimum?
812 877 891 939 Fieri
913 879 988 938 enim
1010 896 1067 939 non
1091 869 1199 959 potuit,
1223 891 1253 942 ut
1273 881 1326 942 Le·

157 1007 249 1050 naeus
266 1006 324 1050 uno
344 1006 397 1048 ore
419 997 506 1068 atque
528 1007 585 1050 uno
605 989 768 1067 eodemque
791 987 937 1050 vocabulo
956 991 1077 1050 alterum
1096 991 1265 1052 mentiretur
1276 993 1326 1052 im-

158 1100 383 1180 pudentissima,
408 1098 530 1158 alterum
552 1097 663 1160 diceret
686 1097 851 1167 verissime;
883 1098 936 1160 sed
958 1108 1110 1178 utrumque
1128 1119 1253 1162 necesse
1281 1111 1326 1163 est

157 1219 206 1271 aut
224 1229 325 1270 verum
345 1209 399 1286 sit,
419 1217 468 1268 aut
487 1208 601 1270 ialsum.
639 1210 736 1285 Quare
759 1209 828 1269 nihil
852 1219 954 1288 agunt,
977 1211 1041 1290 qui,
1066 1211 1197 1290 quamvis
1217 1229 1324 1272 conce·

157 1321 226 1382 dant
245 1320 360 1381 modum
374 1319 500 1380 fortasse
521 1321 549 1380 in
569 1320 760 1400 vituperando
780 1321 948 1382 excessisse
961 1321 1122 1398 Lenaeum,
1146 1329 1241 1381 tamen
1261 1323 1324 1383 veri

157 1431 268 1511 aliquid
290 1429 413 1490 subesse
436 1429 498 1489 eius
522 1429 687 1490 criminibus
708 1432 859 1492 aifirmant.
904 1431 1025 1491 Scilicet
1054 1433 1103 1510 qui
1129 1439 1282 1511 tantopere
1309 1451 1325 1493 a

159 1558 232 1602 vero
256 1549 285 1605 et
307 1540 432 1620 honesto
457 1538 645 1618 abhorreret,
666 1550 696 1600 ut
715 1551 863 1602 auctorem
887 1543 1077 1602 castissimum
1100 1540 1138 1601 ob
1159 1560 1253 1602 rarum
1276 1563 1325 1604 vc·

157 1652 250 1712 ritatis
272 1667 399 1710 amorem
422 1650 590 1729 ingeniique
616 1649 777 1712 libertatem
799 1652 928 1731 scriptis
945 1659 1168 1728 monstrosum,
1195 1651 1232 1711 ob
1257 1653 1326 1713 anti·

102 1821 105 1828 ,
157 1761 274 1842 quitatis
295 1759 436 1840 quendam
458 1760 589 1820 colorem
609 1779 647 1820 ex
668 1759 779 1821 Catone
804 1763 922 1842 petitum
947 1760 1077 1824 Catonis
1097 1761 1263 1824 verboram
1282 1763 1325 1832 in·

155 1871 399 1934 eruditissimum
417 1869 520 1949 furem
540 1871 722 1951 appellaret,
745 1873 885 1949 eundem,
909 1873 975 1952 quia
997 1871 1149 1950 splendide
1168 1873 1327 1952 habitabat,

121 2003 124 2010 ’
156 1991 186 2043 et
205 1984 282 2043 uictu
303 1980 440 2060 cultuque
460 1998 518 2040 non
537 1982 674 2059 sordido,
698 1983 749 2043 sed
770 1983 898 2061 eleganti
918 1982 1134 2064 opulentaque,
1156 1991 1186 2041 ut
1206 1982 1325 2042 divitem

156 2095 259 2169 decet,
281 2091 427 2167 utebatur,
447 2091 638 2168 luctuosum,
660 2094 832 2171 lurconem,
849 2093 1035 2174 popinoncm
1052 2092 1151 2152 dicere
1171 2111 1228 2152 non
1247 2092 1326 2152 dubi·

156 2206 236 2264 tavit.
280 2202 346 2264 lloc
371 2209 416 2261 est
437 2200 541 2279 igitur,
570 2203 648 2280 quod
678 2203 718 2264 illi
740 2204 846 2265 Lenaei
869 2204 983 2283 patroni
1006 2201 1121 2279 uolunt,
1149 2203 1325 2263 conviciato·

139 2312 513 2397 'rem'verisimilitudinem
537 2313 662 2392 aliquam
683 2315 711 2374 in
734 2316 821 2376 satira
842 2333 892 2376 sua
912 2322 1041 2374 secutum
1064 2329 1141 2373 esse.
1183 2313 1274 2388 Quem
1298 2303 1327 2372 ut

156 2427 256 2487 mirum
280 2441 338 2484 non
361 2431 407 2483 est
429 2423 472 2483 ira
496 2433 583 2502 atque
608 2424 676 2484 odio
700 2426 848 2484 incensum
875 2432 904 2483 et
931 2441 1026 2483 rerum
1054 2422 1240 2483 adversarum
1262 2442 1325 2484 sua·

156 2555 218 2596 rum
240 2536 391 2615 iniquitate
414 2543 618 2614 exasperatum
641 2536 852 2595 inimicissimas
873 2534 1089 2594 criminationes
1111 2534 1139 2592 in
1160 2533 1325 2593 Sallustium

157 2645 313 2722 effudisse,
336 2645 375 2704 ita
395 2645 442 2704 vel
465 2646 588 2705 maxime
606 2645 706 2704 mirum
730 2654 759 2705 ct
779 2663 899 2724 prorsus
918 2643 1089 2705 incredibile
1113 2642 1204 2702 videri
1227 2643 1325 2721 debet,

157 2757 289 2817 homines
311 2755 418 2816 doctos
446 2754 546 2816 barum
567 2775 663 2814 rerum
692 2764 749 2816 tam
778 2757 943 2816 incuriosos
965 2761 1101 2832 tantaque
1129 2753 1224 2813 iudicii
1253 2754 1324 2813 levi-

156 2877 214 2928 tate
233 2867 348 2942 'iuisse,
377 2874 407 2925 ut
429 2865 591 2926 futilissima
613 2866 828 2927 calumniatoris
858 2865 991 2926 convicia
1015 2881 1070 2943 pro
1094 2862 1255 2942 exploratis
1283 2871 1323 2922 at·

157 2996 213 3057 que
236 2974 403 3036 indubitatis
428 2976 558 3036 veritatis
581 2976 754 3036 testimoniis
774 2976 925 3036 haberent.

241 3086 300 3147 Sed
328 3085 414 3147 iidem
436 3085 660 3146 inconsultiores
688 3087 773 3146 etiam
795 3085 978 3165 reperiuntur
1000 3085 1029 3143 in
1053 3082 1109 3144 lide
1139 3080 1323 3140 declama·

156 3201 249 3261 tioni
278 3197 480 3275 adiungenda,
513 3214 588 3275 quae
615 3195 668 3256 sub
693 3195 846 3257 Ciceronis
873 3196 989 3256 nomine
1016 3195 1045 3255 in
1074 3189 1240 3254 Sallustium
1269 3193 1322 3250 cir-

157 3311 329 3387 cumfertur,
359 3307 490 3368 veritatis
517 3317 656 3386 respectu
682 3307 800 3367 multum
823 3308 908 3367 etiam
931 3305 1037 3366 Lenaei
1067 3303 1168 3364 libello
1193 3302 1322 3362 inierior.

156 3422 229 3482 Nam
251 3437 337 3500 quum
360 3417 397 3478 de
420 3416 581 3495 simultate,
612 3436 686 3497 quae
705 3417 841 3479 Ciceroni
865 3437 929 3479 cum
950 3416 1088 3476 Sallustio
1118 3417 1322 3476 intercessisse

157 3533 323 3608 dicebatur,
355 3529 451 3608 aliqua
473 3527 549 3588 lama
571 3530 656 3591 etiam
675 3528 749 3588 ultra
767 3546 868 3590 eorum
890 3538 1022 3606 tempora
1046 3535 1209 3606 propagata
1232 3535 1321 3602 esset,

157 3663 190 3705 ea
214 3661 263 3704 res
292 3643 398 3702 idonea
424 3641 488 3701 visa
514 3649 577 3718 est,
606 3657 680 3720 quae
701 3639 904 3700 declamationi
933 3646 1132 3715 argumentum
1155 3636 1321 3716 praeberet.

156 3755 225 3816 'lam
247 3755 346 3832 inepte
367 3761 462 3813 autern
484 3751 571 3811 homo
595 3751 738 3828 insulsus,
769 3751 901 3830 quisquis
920 3750 983 3809 eius
1012 3756 1115 3808 auctor
1136 3746 1205 3823 luit,
1235 3747 1263 3806 in
1286 3765 1321 3806 ea

157 3883 260 3928 caussa
279 3862 429 3924 tractanda
451 3870 585 3923 versatus
606 3870 664 3937 est,
685 3871 733 3937 ut,
757 3880 843 3940 quum
862 3860 983 3920 alteram
1002 3859 1162 3920 orationem
1182 3857 1320 3917 Sallustio

157 3980 184 4038 in
208 3976 400 4050 Ciceronem,
423 3973 543 4034 alteram
568 3968 705 4031 Ciceroni
728 3971 756 4030 iu
779 3971 944 4031 Sallustium
967 3969 1123 4045 tribueret,
1151 3966 1228 4027 nulla
1254 3985 1319 4047 per·
1367 4013 1372 4026 .

156 4103 308 4162 sonarum,
342 4102 467 4161 morum,
494 4100 608 4158 rerum,
644 4090 822 4161 temporum,
858 4080 972 4141 omnino
1004 4079 1109 4139 nullius
1136 4078 1179 4136 rei
1207 4078 1320 4138 ratione

44 4253 47 4258 .
156 4196 251 4259 habita
274 4196 332 4256 hoc
353 4214 438 4255 unum
461 4203 581 4274 ageret,
610 4202 640 4253 nt
665 4201 802 4272 quantum
821 4190 1029 4266 conviciando,
1057 4187 1249 4266 criminando,
1274 4208 1319 4250 ca-

155 4306 335 4385 lumniando,
359 4305 467 4387 probra
485 4303 636 4382 iaciendo,
659 4303 822 4384 petulanter
845 4312 874 4363 et
893 4301 1074 4382 impudenter
1094 4297 1235 4379 dicendo,
1258 4300 1319 4382 pla·
