3024 4852
211 278 250 337 74
617 286 647 334 o.
671 285 839 334 sunuusur
862 285 974 333 cursor

208 445 360 506 alienatum
382 463 450 504 esse
472 443 641 504 sentiebam.
676 443 742 504 lloc
761 443 876 503 nomine
898 445 968 504 satis
988 444 1126 506 honestas
1146 463 1201 526 pro
1222 465 1288 508 meo
1310 457 1411 509 casus

178 617 181 626 ,
210 573 280 634 spes
307 554 438 634 reliquae
468 534 612 633 dignitatis
641 554 860 617 conseruandae
891 573 951 614 sum
980 564 1129 634 sequutus.
1178 557 1263 619 Plura
1293 567 1411 639 quum5

209 665 340 727 scribere
361 664 485 744 vellem,
511 667 667 742 nuntiatum
694 674 755 743 est,
784 666 840 725 uim
863 665 929 725 mihi
959 669 1063 744 parari.
1107 667 1191 727 Nunc
1214 669 1411 730 Orestillamo

210 778 399 856 commendo,
421 787 546 857 tuaeque
566 777 632 838 lidei
651 775 748 866 trado;
779 795 842 836 eam
864 775 900 838 ab
921 778 1020 836 iniuria
1044 777 1202 856 defendas,
1233 798 1287 859 per
1309 779 1382 840 libe-

209 907 260 949 ros
284 900 349 950 tuos
372 899 503 967 rogatus.
546 887 671 948 Haveto.

293 998 429 1062 xxxv1.
474 983 626 1078 Sed‘ipse
656 1016 767 1076 paucos
797 997 860 1057 dies
890 1008 1083 1060 commoratus
1110 1002 1187 1080 apud
1217 1000 1250 1063 C.
1274 1003 1379 1063 Flami-

210 1113 286 1172 nium
308 1113 336 1171 in
354 1128 428 1189 agro
447 1109 603 1184 Arretino,
626 1108 691 1169 dum
712 1108 885 1168 vicinitatem
908 1118 992 1169 antea
1016 1109 1198 1171 sollicitatam
1218 1115 1305 1174 armis
1327 1134 1378 1174 ex·

211 1231 307 1310 orpat,
338 1240 401 1282 oum
425 1220 554 1282 fascibus
577 1228 664 1299 atque
684 1218 748 1279 aliis
770 1219 874 1298 imperi
897 1219 1060 1295 insignibus
1081 1223 1109 1280 in
1130 1233 1224 1284 castra
1245 1225 1280 1285 ad
1302 1227 1382 1286 lilan-

210 1335 278 1394 lium
302 1332 458 1393 contendit.
502 1329 583 1390 llaec
604 1328 652 1389 ubi
671 1330 781 1390 Romae
804 1339 954 1406 comperta
978 1340 1059 1408 sunt,
1090 1342 1207 1394 senatus
1231 1334 1414 1396 Catilinam?

210 1453 238 1503 et
267 1443 402 1503 lilanlium
430 1441 523 1501 bostis
552 1438 677 1517 iudicat,
716 1448 834 1499 ceterae
862 1441 1032 1500 multitudini
1061 1442 1136 1502 diem
1164 1446 1295 1530 staturit„
1314 1456 1381 1506 ante

210 1572 294 1633 quam
318 1554 380 1614 sine
401 1552 502 1612 fraude
524 1551 628 1611 liceret
653 1551 689 1611 ab
711 1551 798 1611 armis
826 1549 980 1611 discedere
1009 1560 1126 1630 praeter
1153 1573 1248 1615 rerum
1273 1557 1382 1636 capita·

210 1667 277 1726 lium
304 1664 511 1726 condemnatis.
562 1663 717 1722 Praeterea
741 1661 890 1737 decernit,
921 1663 960 1721 uti
991 1664 1129 1724 consules
1158 1665 1303 1726 delectum
1332 1667 1412 1728 ha·3

210 1777 311 1855 beant,
341 1776 486 1836 Antonius
514 1795 578 1835 cum
606 1773 738 1834 exercitu
761 1769 912 1832 Catilinam
941 1776 1078 1853 persequi
1100 1785 1239 1853 maturet,
1270 1775 1379 1837 Cicero

210 1888 273 1948 urbi
302 1887 448 1967 praesidio
481 1888 527 1947 sit.
570 1885 612 1946 Ea
642 1890 816 1962 tempestate
844 1882 912 1942 mibi
941 1885 1091 1962 imperium
1127 1885 1229 1966 populi
1258 1888 1411 1948 Romanis

209 2001 297 2060 multo
321 2016 453 2058 maxume
475 1995 639 2056 miserabile
663 1995 755 2053 visum
776 2002 820 2053 est
828 2017 835 2064 ;
863 1996 908 2053 cui
928 2011 1013 2072 quum
1037 1996 1073 2056 ad
1095 2015 1230 2057 occasum
1253 1998 1290 2058 ab
1312 2009 1378 2059 ortu

209 2111 282 2170 solis
305 2111 398 2169 omnia
421 2079 526 2168 domita
549 2106 635 2165 armis
651 2112 803 2184 parerent,
827 2105 903 2166 domi
927 2107 1014 2165 otium
1034 2115 1122 2185 atque
1141 2107 1276 2186 divitiae,
1301 2128 1378 2189 quae
1439 2123 1442 2130 '

213 2295 317 2343 Tantam
333 2294 469 2352 laudem,
494 2299 589 2358 quauta
606 2307 649 2342 uos
665 2308 702 2343 me
718 2293 773 2342 bo·
850 2294 908 2343 aliia
924 2293 1012 2353 imperi
1027 2291 1171 2360 iusipar'bus]
1195 2294 1268 2347 Sella
1294 2297 1383 2382 curuli

128 2403 132 2413 ·
209 2374 367 2434 onustatis,
385 2386 454 2420 uernuo
469 2378 509 2421 est
523 2378 662 2423 assecutus.
815 2373 843 2420 et
861 2374 926 2435 toga
943 2373 1094 2434 praetexta.

240 2447 772 2514 alienatum]i.e.neglectum,proiectum.
850 2458 875 2508 2,
894 2455 983 2523 hostis]
1002 2458 1060 2510 Le,
1079 2457 1247 2523 perfluens„
1266 2457 1303 2508 ef,
1321 2458 1381 2509 Cic,

243 2528 270 2576 4.
293 2527 340 2576 boc
357 2525 462 2591 nornine]
487 2527 506 2576 i.
525 2542 549 2577 e.
569 2526 649 2578 huius
672 2527 711 2577 rei
733 2542 773 2575 re·
815 2534 848 2594 de
868 2533 920 2584 Off.
937 2534 966 2596 1,
987 2536 1028 2597 12,
1050 2536 1073 2586 l.
1093 2535 1162 2586 llud
1178 2538 1253 2586 etium
1268 2539 1383 2587 animad-

208 2609 319 2669 spectu‚
344 2605 395 2656 hac
421 2605 454 2654 de
478 2620 592 2666 caussa;
623 2606 659 2658 ef.
683 2606 774 2656 Tacit.
814 2620 897 2675 verro,
919 2613 997 2676 quod,
1024 2616 1068 2678 qui
1082 2615 1191 2678 proprio
1208 2617 1304 2665 nomine
1321 2631 1380 2677 per-7

209 2683 279 2732 Ann.
301 2682 380 2745 XIV,
399 2682 441 2746 59,
463 2683 488 2736 5,
511 2684 637 2734 Decretue
660 2699 694 2734 eo
718 2699 774 2733 uo·
816 2691 906 2739 duellis
924 2699 1003 2751 esset,
1024 2694 1046 2741 is
1063 2691 1167 2742 tostis
1184 2700 1322 2742 vocaretur.

208 2761 503 2826 ”²5²²031‘Pl’12'001507138·
848 2777 903 2825 siue
918 2773 1024 2841 fraude]
1054 2776 1072 2827 i.
1099 2793 1123 2828 e.
1148 2779 1207 2828 sine
1232 2778 1327 2828 damno
1353 2778 1379 2824 et

240 2864 290 2914 pro
306 2864 359 2899 meo
380 2846 453 2913 casu]
478 2848 572 2908 Casus,
595 2863 650 2897 uox
674 2846 772 2910 media,
813 2852 997 2913 incomm0d03
1024 2853 1059 2903 ef.
1078 2855 1140 2906 Liv,
1159 2857 1182 2917 Ι,
1202 2858 1244 2917 24,
1263 2855 1288 2905 5.
1307 2851 1379 2914 Quod

208 2928 365 2993 plerumque
377 2927 477 2977 dicitur
492 2926 525 2977 de
538 2927 637 2977 misero
655 2926 773 2976 afflicto·
812 2933 880 2983 sine
899 2932 1020 2994 fraude
1044 2948 1108 2982 mea
1124 2936 1258 2998 populique
1274 2929 1378 2981 Romani

207 3022 259 3071 que
276 3010 366 3068 statu,
385 3006 414 3054 in
433 3021 510 3070 quem
527 3006 588 3070 quis
606 3003 715 3065 incidit3
735 3003 770 3054 cf.
809 3012 870 3072 fiat,
889 3010 968 3073 facio,
998 3008 1035 3059 id.
1055 3010 1153 3073 XXVI,
1173 3011 1214 3072 12,
1233 3011 1258 3060 5.
1277 3006 1324 3067 Qui
1340 3007 1375 3052 ei-

207 3083 267 3135 Cat.
287 3082 331 3146 40,
350 3085 376 3133 2.
395 3085 439 3145 51,
456 3083 482 3133 9.
813 3090 850 3138 uis
860 3088 1000 3150 Campanus
1014 3095 1072 3136 ante
1084 3096 1177 3138 certam
1195 3089 1255 3137 diem
1268 3083 1374 3133 munais-

241 3168 390 3234 oonuueudo]
410 3184 449 3219 sc.
463 3169 520 3232 tibi,
540 3168 613 3234 quod
632 3182 664 3218 ex
682 3165 771 3232 proxi-
812 3174 865 3230 set,
884 3169 953 3216 ciue
967 3166 1086 3228 [rosade
1104 3173 1178 3216 esset.

207 3245 257 3294 mis
281 3251 387 3308 tusaeque
407 3245 471 3306 fidei
489 3245 608 3306 elicitum
633 3244 669 3294 el.
690 3243 769 3294 Caes.
846 3248 962 3314 praeter]
981 3249 1008 3300 h,
1027 3249 1045 3299 1,
1067 3248 1222 3300 adverbium
1240 3246 1294 3316 est;
1317 3256 1376 3291 cou-

206 3323 238 3372 B.
253 3321 282 3372 Ο.
297 3322 348 3382 ΠΙ,
364 3323 406 3384 57,
423 3322 446 3370 l.
466 3323 574 3373 Clodium
587 3323 619 3374 ab
633 3325 675 3373 illo
687 3330 772 3372 trunc-
813 3331 934 3380 desanaus
957 3327 1026 3377 enim
1044 3344 1077 3378 ex
1099 3331 1185 3378 {iceret
1201 3321 1310 3388 pendet.
1335 3319 1374 3370 cf.

207 3401 281 3449 ditum
304 3406 329 3449 et
355 3400 544 3450 commendatum
571 3401 623 3466 (sc.
649 3397 715 3464 sibi)
745 3403 771 3448 in
813 3408 912 3459 lustin.
929 3406 1006 3469 XIII,
1025 3407 1051 3468 5,
1070 3409 1094 3454 2.
1118 3402 1224 3452 ennium
1242 3399 1375 3449 eustratium

205 3490 327 3526 suorum
346 3479 542 3528 necessariorum
560 3493 660 3528 numero
677 3477 771 3528 babere
810 3487 914 3546 lemures,
930 3491 1068 3546 praeter
1085 3481 1171 3530 caedis
1189 3478 1314 3539 damnati,
1332 3490 1374 3524 re.

205 3556 356 3607 studuerat.
813 3561 988 3613 atituebautur.

240 3638 365 3690 XXXVI.
395 3638 420 3688 1.
450 3638 477 3692 O.
497 3637 650 3706 Flaminiana]
680 3642 770 3691 Homo
846 3647 871 3697 4.
887 3662 995 3710 quum-
1006 3638 1141 3704 parerent]
1154 3636 1292 3689 Caussalis
1304 3652 1375 3700 quum

206 3720 330 3784 ignotus?
356 3715 429 3766 hand
446 3716 528 3769 dubie
544 3735 576 3769 0¹
594 3718 697 3770 colonis
711 3716 770 3768 Sul·
811 3721 962 3788 particulae
971 3719 1012 3769 vis
1024 3719 1052 3766 iu
1064 3715 1249 3766 concessivam
1261 3714 1375 3773 trausit3

206 3797 278 3848 lauis
294 3794 355 3847 fuit·
445 3817 446 3822 ¹
811 3815 892 3867 quare
909 3811 1004 3848 sensus
1019 3799 1073 3844 est:
1093 3810 1237 3860 quamquam
1252 3808 1377 3855 -pure-

239 3887 265 3935 a'u
283 3895 346 3947 upro
365 3878 497 3944 Arretino]
527 3881 663 3931 Arretium
690 3881 718 3929 in
736 3896 769 3930 ea
810 3879 886 3932 daun
903 3875 938 3924 el.
958 3873 1017 3922 Cat.
1033 3871 1058 3933 3,
1077 3873 1102 3922 5.
1122 3872 1183 3936 lug.
1204 3871 1229 3932 6,
1250 3871 1276 3921 1.

206 3961 335 4014 Etruriae
352 3963 430 4023 purte
452 3958 548 4021 situm,
573 3973 643 4023 quae
664 3963 769 4022 septen·
802 4007 808 4018 „
845 3962 882 4011 ad
896 3975 1009 4010 oceasum
1028 3958 1061 4008 ab
1079 3966 1137 4008 ortu
1152 3956 1224 4022 solia]
1246 3958 1375 4008 Inversus

124 4071 128 4078 ·
205 4041 321 4090 trionem
345 4041 372 4087 et
399 4036 528 4086 orientem
559 4039 679 4099 spectat,
708 4039 768 4086 outo
811 4038 943 4090 naturalis
955 4037 1030 4100 ordo,
1045 4040 1076 4086 ut
1090 4037 1162 4102 apud
1173 4035 1273 4087 Melum
1283 4036 1336 4098 111,
1349 4038 1374 4085 5.

206 4115 332 4166 milliaria
352 4130 368 4164 a
386 4112 526 4164 Florentia
543 4112 638 4164 distat.
811 4117 969 4181 Aliquumdiu
988 4116 1025 4164 ad
1041 4128 1154 4164 oceasum
1166 4114 1199 4164 ab
1212 4115 1307 4164 oriende
1318 4129 1375 4163 cur-

239 4203 264 4250 iu
275 4198 374 4264 eastra]
387 4201 428 4252 Ea
440 4214 524 4264 prope
535 4198 667 4249 Faesulas
680 4204 768 4262 erent,
810 4209 879 4245 reus.
903 4193 1007 4242 Seneca
1024 4193 1093 4256 Epp.
1117 4192 1161 4242 86.
1184 4192 1277 4241 Amnes
1297 4208 1375 4264 usque

205 4275 296 4340 paullo
320 4291 403 4340 supra
420 4276 586 4327 Florentiam
609 4275 769 4344 septentrio-
811 4273 847 4321 ud
865 4273 952 4332 octium
969 4271 1072 4333 a-foute
1089 4273 1167 4319 uestri
1183 4276 1252 4318 sunt.

142 4409 147 4418 ,
206 4367 269 4404 nem
285 4353 475 4404 persuasitas.
846 4343 1004 4412 que-que]
1024 4361 1052 4396 v.
1069 4346 1105 4396 ad
1118 4346 1179 4397 Cat.
1196 4346 1222 4428 9,
1237 4347 1263 4398 3.
