3028 4852
197 327 238 388 66
602 329 633 377 c.
657 326 824 376 sannusrr
847 323 960 374 causer
1064 388 1066 396 y

196 501 284 552 vocat
318 508 372 568 per
398 487 435 547 bl.
462 486 596 547 Porcium
623 483 761 559 Laecam,
794 481 893 559 ibique
923 479 1009 540 multa
1043 477 1079 539 de
1114 477 1230 555 ignavia
1265 485 1399 535 eorumt

198 610 335 681 questus,
352 597 460 676 docet,
485 616 517 656 se
533 593 668 655 blanlium
688 591 875 672 praemisisse
897 590 932 651 ad
951 609 1014 650 earn
1031 588 1257 664 multitudinem,
1283 603 1369 665 quam

197 713 233 774 ad
255 709 395 790 capiunda
415 727 494 769 arma
513 715 689 785 paraverat,
713 703 781 762 item
803 701 878 761 alios
901 703 929 760 in
949 701 1004 762 alla
1023 701 1091 761 loca
1113 699 1298 779 opportuna,
1320 695 1369 773 qni

159 878 162 890 ,
196 823 303 882 initium
330 819 400 879 belli
429 819 579 892 Iacerent,
616 832 707 893 seque
739 811 775 872 ad
804 812 963 874 exercitum
997 812 1148 902 proficisci
1179 828 1305 890 cupere,
1344 806 1369 862 si

197 932 277 1010 prins
299 929 473 990 Ciceronem
495 925 710 1006 oppressisset3
736 940 800 982 enm
823 923 883 981 suis
904 922 1033 982 consiliis
1054 921 1172 982 multum
1192 921 1337 979 nificare.-

281 1039 416 1101 XXVIII.
460 1037 552 1114 Igitur
575 1034 737 1114 perterritis
758 1049 793 1092 ac
821 1030 1015 1118 dubitantibus
1043 1032 1168 1110 ceteris,
1198 1029 1231 1090 C.
1256 1027 1368 1088 Corne·

196 1152 250 1211 lius
269 1170 361 1230 eques
382 1150 529 1210 Romanus
553 1162 674 1223 operam
696 1160 776 1202 suam
796 1142 959 1220 pollicitus,
983 1152 1012 1202 et
1034 1161 1097 1202 curn
1120 1161 1157 1203 eo
1179 1142 1210 1201 L.
1233 1141 1367 1215 Vargun-

195 1265 270 1323 teius
295 1270 427 1335 senator,
458 1257 635 1317 constituere
655 1272 690 1312 ea
713 1261 801 1312 nocte
823 1253 911 1330 paulo
935 1262 1002 1332 post
1028 1271 1091 1312 cum
1110 1253 1226 1313 armatis
1247 1249 1368 1310 homIni-

196 1374 250 1434 bus
273 1370 356 1431 sicuti
378 1368 529 1428 salutatum
556 1365 687 1426 Introire,
708 1362 743 1422 ad
766 1360 940 1422 Ciceronem
971 1383 1007 1424 ac
1037 1364 1074 1423 de
1102 1321 1366 1442 improvisoCdomi

197 1449 274 1552 suad
288 1482 457 1558 imparatum
485 1474 656 1536 confodere.
702 1470 807 1531 Curius
834 1471 881 1531 obi
902 1473 1063 1552 intellegit,
1091 1482 1226 1552 quantum
1252 1455 1426 1549 pericu-a·

197 1593 255 1651 lum
277 1588 390 1650 consuli
411 1585 590 1666 impendeat,
619 1601 749 1661 propere
776 1599 830 1660 per
853 1583 985 1644 Fulviam
1009 1582 1146 1644 Ciceroni
1177 1582 1290 1658 dolum,
1318 1581 1367 1658 qui

198 1698 369 1780 parabatur,
399 1698 534 1758 enuntiat.
579 1694 621 1754 Ita
643 1693 685 1752 illi
709 1694 793 1751 ianua
824 1693 960 1771 prohibiti
989 1704 1097 1754 tantum
1124 1695 1237 1754 lacinus
1261 1691 1399 1751 frustra3

198 1816 399 1889 susceperant.
433 1807 548 1865 Interea
569 1803 691 1864 ttantius
713 1804 741 1861 in
762 1801 878 1864 Etruria
897 1803 1014 1883 plebem
1033 1804 1211 1880 sollicitare,
1233 1809 1400 1878 egestated

189 1888 281 1982 'simul
303 1937 338 1980 ac
360 1914 463 1976 dolore
486 1915 605 1974 Iniuriae
634 1929 774 1971 novarum
801 1932 896 1973 rerum
919 1917 1065 1994 cupidam,
1094 1915 1172 1994 quod
1192 1913 1291 1973 Sullae
1315 1911 1366 1972 do-

197 2031 352 2090 minatione
372 2041 463 2101 agros
484 2021 619 2098 bonaque
642 2023 735 2080 omnia
761 2023 910 2101 amiserat,
941 2036 1094 2103 praeterea
1116 2026 1247 2085 latrones
1270 2023 1364 2080 cuius·

199 2159 256 2220 que
283 2137 418 2216 generis,
447 2149 569 2210 quorum
596 2131 624 2188 in
651 2148 686 2188 ea
707 2132 831 2205 regione
855 2152 959 2211 magna
985 2137 1071 2215 copia
1103 2144 1180 2212 erat,
1209 2132 1368 2192 nonnullos

199 2269 237 2309 ex
259 2246 385 2307 Sullanis
407 2241 537 2316 colonis,
569 2236 672 2316 quibus
696 2236 794 2296 lubido
816 2249 902 2318 atque
924 2244 1037 2305 luxuria
1059 2266 1097 2306 ex
1119 2244 1232 2320 magnis
1258 2242 1369 2319 rapinis

122 2409 125 2416 .
198 2356 268 2416 nibil
291 2354 396 2431 reliqui
417 2353 559 2411 fecerant.

199 2559 253 2592 rum
270 2543 333 2591 dtem
352 2556 473 2590 nonarum
495 2537 677 2595 Novembrium,
703 2534 720 2584 i.
741 2549 764 2582 e.
806 2537 997 2600 rnepraesiaio,
1016 2527 1207 2604 sedpra'oota
1226 2540 1384 2606 diligen-¹

201 2624 272 2671 inter
296 2637 321 2670 a.
347 2619 373 2668 d.
397 2618 478 2669 VIII.
503 2621 531 2666 et
547 2614 611 2667 VII.
630 2613 671 2664 Id.
693 2614 766 2664 Nor.
804 2613 850 2658 tia
868 2609 979 2672 defendi.

200 2700 263 2750 Non
291 2699 420 2746 accurate
447 2695 532 2760 igitur
553 2691 619 2744 Sall.
642 2707 699 2740 rem
720 2689 765 2738 bic
840 2718 892 2752 rem
908 2705 944 2754 ad
959 2717 1069 2760 ,enatum
1083 2713 1174 2778 refert]
1193 2716 1225 2764 1„
1242 2711 1370 2776 pompm.

199 2775 297 2837 refert,
326 2789 396 2840 quae
423 2777 487 2822 ants
514 2772 602 2837 ipsum
628 2766 765 2818 Catilinae
807 2779 858 2828 bus
882 2786 909 2830 et
931 2782 974 2833 hio
999 2788 1026 2832 et
1046 2787 1076 2835 in
1100 2790 1280 2852 superioribus
1303 2805 1370 2852 non-

199 2870 233 2905 ex
250 2853 317 2903 urbo
336 2852 484 2902 discessum
502 2849 577 2899 facta
596 2853 648 2900 est.
756 2867 758 2872 ·
807 2857 884 2906 nulla
907 2860 1031 2910 confudit
1054 2861 1209 2914 Sallustius.
1244 2867 1314 2915 Nam
1335 2883 1369 2916 ex

233 2949 259 3001 4.
288 2944 382 3014 ibique]
411 2947 429 2996 i.
455 2961 478 2996 s.
501 2946 531 2996 in
560 2961 592 2996 eo
621 2944 765 2994 conventa.
809 2938 932 2987 oratione
954 2939 983 2987 in
1001 2938 1146 2990 Catilinam
1169 2943 1270 3006 prima,
1298 2942 1370 2991 infra

200 3030 270 3078 Eum
293 3025 378 3076 fuisse
408 3023 438 3073 in
462 3023 523 3088 ipsa
546 3023 654 3073 Laecae
677 3019 766 3081 domo,
809 3015 915 3065 demum
939 3032 962 3066 o.
982 3017 1031 3080 31,
1056 3018 1081 3069 6.
1104 3024 1268 3081 memorata,
1291 3035 1371 3084 quam

200 3120 282 3169 quum
294 3102 437 3154 conficitur
451 3116 483 3149 ex
495 3100 562 3164 ipsis
573 3097 697 3149 Sallustii
709 3111 768 3146 ver·
810 3095 853 3145 dia
869 3094 917 3145 VI.
932 3095 973 3145 Id.
991 3097 1061 3147 Nov.
1079 3097 1202 3148 habitam
1219 3115 1279 3149 esse
1296 3101 1373 3164 patet
1397 3094 1399 3098 ’

200 3181 259 3242 bis,
279 3183 336 3229 tum
354 3182 471 3229 testatur
484 3176 579 3226 Cicero
593 3192 619 3240 p.
634 3174 709 3226 Sulla
722 3175 765 3237 18,
808 3186 841 3220 ex
864 3188 904 3226 cr.
929 3175 957 3221 tn
976 3172 1036 3223 Cat.
1053 3175 1081 3236 I,
1101 3176 1132 3237 4,
1155 3175 1181 3224 8.
1205 3175 1267 3224 coll.
1286 3190 1325 3225 or.
1344 3190 1371 3238 p.

201 3258 245 3308 52.
264 3261 291 3306 et
307 3257 336 3304 in
352 3255 412 3305 Cat.
431 3254 455 3316 I,
473 3256 499 3316 4,
519 3253 544 3302 8.
809 3250 884 3301 Sulla
903 3249 949 3312 18,
966 3250 1024 3312 52„
1049 3252 1225 3315 cognoscitur
1246 3252 1300 3300 iarn
1319 3251 1374 3300 die·

237 3330 511 3414 quam-paraverat]
523 3363 550 3396 v,
565 3345 599 3396 ad
610 3345 669 3396 cat,
686 3346 727 3408 14,
740 3346 765 3395 7·
807 3328 859 3378 bus
873 3327 1060 3393 duodeviginti
1077 3332 1141 3378 ante
1160 3327 1210 3393 (sc.
1230 3345 1255 3378 a.
1269 3329 1294 3382 d.
1309 3330 1372 3380 XII.

237 3442 367 3494 XXVIII.
387 3441 412 3491 1.
432 3437 586 3504 paulopost]
606 3440 624 3488 i.
642 3439 765 3503 aprime
807 3404 870 3454 ΚΜ·
890 3406 975 3465 Nov.;
1004 3421 1030 3456 V·
1049 3405 1083 3455 ad
1101 3421 1125 3456 ⁰·
1144 3405 1194 3468 26,
1209 3408 1247 3498 53)
1267 3408 1373 3458 01001'0·

202 3534 290 3569 ΜΘ,
328 3520 362 3569 ld
379 3518 451 3568 enim
469 3493 705 3567 consuetum‘erae
722 3532 766 3568 sa·
807 3499 868 3533 nem
885 3498 941 3532 rem
957 3482 991 3531 ad
1006 3487 1129 3533 senatum
1146 3485 1272 3536 retulisse
1283 3501 1316 3536 ac
1332 3501 1374 3536 se·

200 3595 363 3647 lutationum
378 3600 494 3660 tempus.
515 3595 639 3646 Ceterum
652 3613 683 3646 ea
696 3604 767 3648 noete
805 3561 1046 3652 Palu⁵⁰⁰¹¹⁵¹¹llum
1060 3577 1120 3612 ⁰³⁸⁹
1140 3562 1257 3625 smmi
1278 3565 1311 3614 ef·
1331 3579 1372 3613 0¹·

201 3676 320 3741 pertinet
337 3674 372 3723 ad
387 3677 545 3725 eonatintere.
803 3656 836 3689 ¹¹²
854 3638 914 3689 cal·
934 3637 957 3700 1,
977 3637 1001 3699 ¹⁹
1020 3636 1044 3687 3·
1064 3640 1090 3701 ²2
1108 3642 1135 3693 4·
1155 3641 1282 3692 Habemus
1297 3655 1372 3690 tene-

455 3769 460 3780 .
666 3767 672 3780 ,
731 3767 737 3780 ,
806 3717 980 3768 tusconeultum
998 3716 1024 3763 in
1041 3723 1079 3777 te,
1103 3717 1226 3780 Godana,
1245 3719 1374 3769 celemena

235 3769 261 3816 4.
286 3767 541 3833 qnod-armarat]
564 3769 674 3818 Etrusci
695 3783 764 3817 emm
807 3801 1014 3858 amovet—a,
1030 3796 1207 3845 vioesimum
1224 3799 1281 3846 ,am
1295 3797 1373 3845 diem

200 3846 384 3896 Mfflanarum
403 3849 520 3908 paruum
538 3846 655 3897 famul·
802 3874 946 3936 patimur
967 3870 1139 3924 hebescere
1158 3877 1255 3925 aciem
1271 3875 1373 3925 luorum

237 3935 394 3987 eccSrtllam's
406 3937 509 4004 colonia]
523 3956 549 3994 v.
563 3941 669 3996 adOat.
686 3939 728 4002 16,
740 3941 766 3988 4.
808 3951 1036 4000 auctoritatis,
1068 3951 1173 4016 Quippe
1191 3952 1307 4003 rotundo
1325 3967 1375 4000 nu.
1466 3969 1472 3982 ·

236 4030 329 4097 lubido]
351 4033 368 4082 i.
389 4048 412 4085 e.
432 4032 563 4083 effrenata
581 4034 693 4099 cupido,
719 4049 765 4083 vo·
807 4042 880 4076 mem
904 4027 955 4076 XX
975 4042 1023 4090 1³1⁰
1041 4027 1135 4078 XVIII
1153 4028 1246 4079 050010
1270 4030 1370 4090 UlIlUTt

199 4106 300 4171 luptas.
807 4104 842 4154 ef.
862 4104 961 4154 Ascon.
980 4104 1009 4152 in
1025 4104 1082 4154 Pis.
1102 4121 1128 4169 p.
1149 4105 1174 4156 6.
1193 4105 1239 4155 Or.

176 4265 179 4272 Ι
236 4201 336 4250 XXIX.
356 4199 380 4249 1.
399 4198 622 4265 priuatoeoneilic]
638 4199 693 4264 i.Je.
706 4200 764 4250 sine
846 4202 1012 4269 exoptatum]
1043 4204 1157 4254 Senatui
1179 4207 1282 4255 incertis
1307 4207 1374 4269 votpi

155 4343 157 4350 Α
202 4280 313 4326 senatus
338 4277 511 4327 anctoritate.
551 4279 654 4329 Eodem
683 4294 764 4328 sensu
806 4281 945 4332 rumoribus
971 4284 1050 4332 anxio
1076 4290 1101 4331 et
1123 4291 1236 4332 comnwto
1260 4283 1372 4346 opponi-

203 4351 297 4402 Oieero
314 4352 343 4402 in
362 4351 421 4406 Cat.
440 4354 463 4418 Ι,
484 4355 510 4417 5,
530 4353 571 4404 ll.
594 4353 650 4404 Nou
666 4355 765 4418 publico
807 4360 851 4406 tur
884 4361 995 4408 senatus
1029 4357 1161 4408 relatione
1188 4359 1307 4410 consulis
1338 4360 1372 4410 do
