3092 4850
365 252 857 302 n1sron1anuurnucuunru.
891 255 961 302 ura.
984 253 1035 301 111.
1065 255 1120 302 nn.
1144 250 1188 303 81.
1306 244 1365 306 311

194 413 316 492 revere)
334 432 419 492 quum
437 413 481 472 vis
496 413 606 489 omnis,
626 410 769 488 Quirites,
785 411 813 471 in
829 412 913 472 robis
928 411 982 489 sit,
999 420 1028 472 et
1044 431 1118 492 quae
1131 412 1206 472 iussa
1220 431 1295 474 nunc
1310 431 1366 492 pro

195 523 258 584 aliis
279 524 505 602 toleratis„pro
525 521 611 583 vobis
634 540 725 599 agere
748 531 872 583 autnon
891 539 982 600 agere
1003 531 1083 583 certe
1106 525 1242 607 possitis,
1265 523 1365 584 lovem

153 644 241 696 loaut
262 635 346 695 alium
368 653 452 714 quem
471 633 556 693 ἀειιιιι
575 632 774 694 consultorem
793 631 992 713 exspectatis?
1014 635 1119 711 lllagna
1142 634 1193 694 illa
1211 615 1367 694 ¹consulum

192 746 311 824 imperia
330 755 359 805 et
371 755 484 824 patrum
496 744 616 806 decreta
632 761 688 804 vos
703 741 893 821 exsequendo
910 752 971 803 rata
984 743 1109 822 eilieitis,
1123 746 1262 821 Quirites,
1275 744 1364 804 ultro·

152 867 183 917 17
195 874 251 934 quc
274 855 420 916 licentiam
441 857 469 914 in
491 871 544 914 vos
565 865 678 916 auctum
700 863 787 932 atque
810 853 933 914 adiutum
961 855 1136 934 properatis.
1180 855 1284 934 Neque
1306 873 1365 931 ego

191 985 247 1026 vos
267 967 353 1027 ultum
371 967 488 1053 iniurias
507 966 627 1043 bortor,
651 966 744 1042 magis
764 965 805 1025 uti
825 967 956 1044 requiem
977 967 1112 1047 capiatis;
1136 983 1232 1046 neque
1255 965 1365 1026 discor-

191 1079 271 1154 dias,
293 1087 323 1136 ut
338 1077 380 1138 illi
400 1079 594 1154 criminantur,
618 1076 671 1136 sed
687 1094 784 1135 earum
803 1076 888 1135 finem
908 1076 1012 1136 rolens
1028 1078 1088 1138 iure
1108 1078 1235 1156 gentium
1255 1095 1304 1136 res
1319 1094 1365 1135 re·

192 1196 271 1267 peto,
287 1196 316 1248 et
331 1190 356 1247 si
373 1187 560 1267 pertinaciter
574 1185 755 1263 retinebunt,
772 1202 829 1245 non
844 1204 938 1264 arma,
954 1205 1050 1267 neque
1066 1189 1282 1264 secessionem,
1304 1195 1365 1246 tan·

153 1297 340 1360 18tummodo
356 1317 392 1358 ne
412 1296 535 1377 amplius
555 1298 725 1374 sanguinem
742 1305 871 1357 rostrum
891 1297 1067 1376 praebeatis,
1083 1297 1223 1358 censebo.
1258 1296 1366 1359 Gerant

192 1406 375 1485 habeantque
396 1427 448 1468 suo
464 1407 551 1468 modo
569 1409 708 1487 imperia,
725 1417 865 1486 quaerant
884 1409 1053 1488 triumphos,
1069 1409 1277 1486 Mithridatem,
1297 1409 1364 1468 Ser·

192 1517 295 1576 torium
317 1526 346 1576 et
366 1519 506 1598 reliquias
528 1519 644 1579 errulum
667 1527 880 1598 persequantur
906 1537 969 1580 eum
993 1521 1165 1598 imaginibus
1190 1520 1263 1590 suis;
1288 1517 1364 1580 absit

150 1643 183 1694 19
192 1627 352 1708 periculum
371 1637 400 1689 et
419 1630 519 1708 labos,
543 1627 646 1708 quibus
667 1628 743 1689 nulla
765 1647 832 1707 pars
850 1629 961 1690 fructus
981 1641 1034 1691 est.
1078 1632 1141 1693 Nisi
1163 1632 1240 1691 forte
1258 1646 1363 1709 repen·

117 1872 121 1878 ,
190 1818 317 1868 atriorum
327 1825 400 1870 esset.
420 1815 587 1882 Intelligitur
605 1817 758 1876 consulatus,
796 1815 892 1879 perba3
913 1816 949 1867 ci.
962 1818 1022 1869 Lir.
1034 1817 1160 1883 XXXIV,
1172 1821 1197 1881 5,
1209 1817 1236 1868 b.
1252 1816 1362 1880 XXXV,

109 1929 113 1934 -
192 1908 216 1943 a.
237 1893 298 1944 377.
318 1893 379 1960 lege
397 1894 505 1944 Licinia
523 1893 655 1944 etSextis
672 1892 758 1958 patri·
799 1893 824 1957 2,
843 1897 868 1945 ¹2.
885 1897 982 1946 Horat.
1001 1895 1060 1946 Sat.
1079 1896 1102 1958 Ι,
1121 1897 1147 1958 6,
1167 1896 1208 1947 73.

191 1969 241 2020 ciis
261 1974 394 2022 extortus.
834 1981 932 2022 auctum
941 2001 976 2010 -
982 1973 1143 2040 properatis]
1157 1974 1198 2024 Ad
1207 1971 1363 2037 analogiam

225 2046 306 2096 libera
322 2049 354 2098 ab
372 2048 515 2098 auctoribus
529 2050 648 2110 patriciis
660 2048 757 2110 suffro—
798 2049 836 2098 ire
854 2051 931 2101 verbi
946 2055 1096 2114 properatis
1115 2067 1175 2102 curn
1192 2051 1289 2118 supino
1302 2051 1363 2100 iun-

188 2122 243 2190 pia]
260 2126 348 2188 Quum
360 2126 561 2191 antiquioribus
578 2126 756 2190 temporibus,
799 2132 885 2188 ctum;
912 2127 947 2179 cf.
973 2129 1046 2180 Hist.
1071 2130 1117 2179 Fr.
1142 2131 1176 2193 V,
1203 2129 1245 2180 18.
1274 2126 1361 2178 Paulo

191 2218 261 2268 quae
273 2204 388 2270 populus
397 2204 514 2255 comitiis
525 2203 684 2254 centuriatis
694 2219 757 2254 con·
798 2206 959 2257 insolentius
978 2207 1049 2257 idern
1068 2208 1161 2258 statim
1176 2211 1238 2273 post
1257 2223 1290 2257 ex
1303 2206 1364 2255 bor-

191 2280 418 2348 stituisset‚·quo
440 2286 502 2333 rata
521 2282 630 2345 fierent,
655 2282 758 2332 comitiis
796 2289 837 2333 tor
861 2284 972 2350 pendet,
997 2301 1028 2335 eo
1053 2285 1250 2348 excusandum,
1278 2283 1361 2348 quod,

189 2363 294 2412 cunetis
319 2361 378 2412 siue
407 2365 461 2427 tepe
489 2364 589 2411 curtata
613 2361 757 2422 confirmari
799 2377 868 2427 quae
892 2362 921 2412 in
941 2377 1085 2427 properare
1106 2363 1282 2414 intransitiva
1300 2380 1362 2416 sen-

189 2440 323 2501 deberent,
349 2456 419 2506 quae
445 2441 505 2505 ipsa
535 2443 594 2490 erat
616 2439 756 2487 auctoritas
796 2442 884 2491 tentia
902 2444 958 2504 est,
979 2441 1009 2489 in
1030 2440 1132 2491 tor-tari
1148 2443 1296 2493 transitiva
1314 2444 1361 2494 ba-

185 2525 290 2583 patrum
304 2516 348 2567 rel
363 2519 529 2580 patriciorum
556 2515 603 2579 (ci.
625 2517 686 2565 Liv.
706 2517 753 2580 VI,
794 2520 882 2571 betur.

189 2595 233 2656 42,
253 2593 318 2656 10.)‚
340 2609 413 2643 anno
431 2592 491 2644 339.
512 2609 535 2642 a.
557 2593 618 2642 Obr.
639 2609 665 2641 ιι.
683 2608 699 2642 a
719 2593 752 2652 Q.
829 2589 853 2650 ἃ.
876 2590 916 2640 17.
940 2592 994 2640 iure
1010 2615 1042 2624 -
1061 2588 1159 2653 repeto]
1179 2589 1196 2638 i.
1209 2605 1232 2641 e.
1246 2593 1303 2639 iura
1317 2607 1361 2641 no-

189 2670 307 2722 Publilio
324 2670 440 2720 Philone
467 2670 602 2720 dictatore
629 2669 672 2718 lex
694 2669 753 2717 lete
792 2667 830 2716 bis
841 2674 930 2729 erepta
946 2675 972 2716 nt
982 2667 1052 2718 nobis
1063 2669 1236 2728 restituantur,
1245 2671 1353 2728 postulo.

190 2752 247 2811 est,
265 2755 292 2797 ut
310 2749 406 2810 lepram,
425 2761 490 2810 quae
505 2748 608 2796 comitiis
626 2749 754 2796 centuria·
794 2743 955 2806 Metephora
968 2747 1077 2807 sumpta
1090 2759 1107 2792 a
1123 2744 1280 2807 fetialibus,
1302 2746 1358 2809 qui,

188 2826 383 2888 deferrentur,
403 2832 478 2874 ante
502 2825 611 2872 initum
628 2822 716 2885 suffr
725 2838 753 2870 a·
795 2824 942 2883 autequam
963 2819 1079 2884 populus
1101 2821 1239 2870 Romanus
1259 2821 1358 2871 bellurn

187 2905 268 2968 pium
295 2908 414 2963 patres
448 2909 607 2951 auctores
629 2901 755 2962 flerent
796 2897 914 2959 feceret,
937 2897 1115 2946 mittebantur
1133 2899 1170 2946 ad
1185 2915 1228 2948 res
1244 2909 1360 2963 repeten-

191 2979 238 3043 (ci.
258 2977 320 3027 Liv.
342 2977 423 3040 VIII,
444 2978 486 3041 12,
515 2976 579 3042 14).
608 2979 669 3038 Quia*
693 2974 753 3039 lege
796 2974 857 3034 dae;
877 2973 913 3022 of.
932 2974 992 3023 Lir.
1011 2972 1034 3036 I,
1051 2973 1095 3036 32,
1113 2974 1140 3025 6.

189 3058 266 3120 patet
284 3054 461 3118 patriciorum
484 3054 678 3104 auctoritatem
695 3067 754 3116 spe·
832 3054 857 3114 ς.
879 3051 920 3101 18.
938 3066 984 3100 suo
1002 3049 1083 3117 modo]
1105 3052 1123 3101 i.
1141 3068 1163 3102 e.
1183 3051 1259 3102 fastu
1275 3057 1301 3104 et
1317 3070 1377 3114 ar-¹

189 3133 258 3184 ciem
277 3131 385 3181 inanem
403 3131 504 3182 factam
523 3147 592 3183 esse.
795 3129 922 3204 rogantia
940 3127 1143 3204 ipsispropria.

224 3228 289 3276 praue
307 3227 370 3260 nunc
387 3213 458 3261 iussa
479 3227 529 3276 pro
546 3214 603 3262 aliis
627 3205 752 3272 toleratis]
830 3215 1037 3280 ennrimapiuibus
1055 3215 1117 3282 cuis]
1138 3217 1155 3266 i.
1177 3231 1199 3267 e.
1213 3217 1313 3280 sociis
1326 3225 1357 3266 et

188 3292 231 3341 De
240 3291 327 3340 utilitia
346 3305 362 3338 a
378 3289 491 3354 plebeius
509 3305 557 3354 pro
576 3288 754 3354 patriciorum
797 3296 1005 3346 adiutoribus
1019 3297 1071 3346 usi
1082 3295 1227 3360 irrrupiuibns
1237 3298 1298 3359 suis,
1312 3298 1356 3348 oui
1367 3290 1386 3320 '·

189 3367 329 3418 commodo
356 3366 522 3431 praestanda
555 3365 625 3416 haee
652 3364 754 3415 intelli·
794 3373 948 3424 sententiae
958 3375 1042 3424 tacite
1054 3374 1199 3439 opponitur
1212 3377 1266 3432 eine
1277 3375 1355 3425 vobit.

187 3445 277 3510 gendo
295 3460 355 3495 esse
373 3445 402 3494 in
420 3448 547 3508 promptu
565 3448 662 3496 est-
680 3443 754 3494 lassa
829 3453 943 3502 obsit-
961 3449 1043 3517 labos]
1060 3467 1098 3502 sc.
1123 3453 1167 3514 iis,
1193 3452 1212 3503 i.
1233 3467 1256 3506 e.
1278 3454 1355 3506 vodis.

188 3525 350 3576 attributum
367 3528 410 3573 OSb
427 3541 492 3588 qliae
510 3523 618 3574 ObIOGbI.
830 3542 854 3601 ξ,
876 3537 915 3588 19.
935 3539 1067 3601 repemina
1084 3567 1119 3577 ...
1139 3537 1203 3604 1393]
1225 3539 1359 3604 Intelligi.

223 3619 268 3660 arat
285 3625 334 3659 non
352 3625 431 3676 opere
448 3617 518 3660 certe
531 3607 647 3673 possitis]
667 3610 753 3658 Perti·
794 3619 839 3664 tur
857 3615 899 3664 lex
918 3616 1047 3665 Terentia
1072 3619 1099 3664 et
1118 3615 1214 3664 Cassia
1239 3617 1357 3667 frumen-

187 3692 253 3738 nent
283 3688 351 3738 haec
380 3687 416 3737 ad
442 3687 585 3738 consilium
609 3689 754 3737 detrectan-
794 3692 879 3756 teria,
899 3692 957 3742 late
975 3707 991 3740 a
1006 3692 1044 3743 M.
1065 3692 1127 3740 Ter.
1142 3693 1264 3742 Varrone
1279 3697 1310 3750 et
1325 3693 1355 3743 O.

187 3769 238 3818 doe
256 3767 358 3816 nrititioe
381 3766 605 3830 insequentibus
631 3768 751 3831 apertius
794 3770 890 3819 Cassio
909 3769 982 3818 Varo
996 3783 1068 3818 coss.
1087 3784 1113 3818 a.
1131 3769 1174 3819 73.
1188 3785 1213 3818 a.
1228 3767 1294 3819 Chr.
1309 3785 1354 3829 ιι,
1383 3820 1384 3826 ,

188 3846 293 3896 datum.
793 3848 828 3898 cf.
849 3847 904 3896 Cic.
923 3846 952 3894 in
970 3846 1047 3896 Verr.
1061 3846 1113 3908 III,
1133 3846 1176 3909 70,
1197 3846 1256 3897 163.
1276 3852 1303 3896 et
1319 3849 1352 3910 V,

221 3925 349 3976 Ioucm-
361 3920 547 3986 eaespectctisi]
559 3924 668 3974 Mutata
680 3928 751 3973 stru·
790 3925 833 3986 21,
853 3925 895 3974 52.
914 3951 947 3960 -
966 3924 1107 3986 Repentina
1129 3939 1162 3976 ea
1183 3924 1226 3973 lex
1247 3923 1355 3990 dicitur,

188 4008 267 4053 ctura
276 4018 324 4067 per
336 3998 577 4062 interrogationem
590 3999 663 4050 elata
678 4006 750 4064 suut,
792 4003 868 4068 quia,
896 4017 977 4066 quum
1001 4001 1077 4066 plebs
1099 4002 1153 4052 iam
1177 4018 1224 4067 per
1246 4003 1355 4068 longius

176 4096 258 4144 quae
277 4095 311 4129 ex
327 4077 417 4127 deinde
436 4091 526 4124 censeo
540 4078 673 4140 suspensa
690 4093 750 4128 esse
792 4088 898 4146 tempus
917 4082 1032 4132 caritate
1048 4097 1173 4132 annonae
1188 4088 1354 4148 premeretur

189 4158 324 4208 debebunt
342 4154 458 4204 1111111116
478 4154 598 4204 modum:
617 4155 702 4206 Iovem
716 4184 749 4192 -
791 4161 914 4226 patribus
934 4177 1011 4226 opem
1029 4177 1084 4212 non
1104 4160 1268 4224 ferentibus,
1292 4178 1355 4212 eon·

189 4250 236 4286 non
253 4249 308 4284 esse
323 4233 530 4296 exspectandum·
791 4240 878 4302 eules,
901 4255 936 4290 ns
958 4239 1058 4290 seditio
1088 4238 1216 4300 oriretur,
1245 4243 1354 4302 praeter

223 4326 249 4386 ς.
273 4322 312 4372 16.
333 4317 441 4385 Meque]
462 4321 481 4370 i.
501 4336 524 4372 e.
546 4322 690 4386 rncpnr'fiea,
708 4336 750 4370 eu·
792 4318 1024 4384 exspectationem
1040 4317 1100 4384 lege
1117 4317 1175 4367 late
1187 4317 1291 4368 animos
1307 4317 1354 4382 ¹de-
