3028 4852
297 320 346 368 us
368 317 552 368 succussu
573 317 728 368 scsrrrts
749 319 795 367 sn
816 317 965 368 pransor
986 319 1137 368 aurens.
1260 303 1300 367 25

129 481 233 561 spania
263 477 446 558 perdecem
477 495 569 539 annos
595 477 745 558 plurimum
776 478 888 556 negotii
921 476 1107 558 optimatibus
1134 489 1163 539 et
1190 481 1300 542 senatui

128 589 309 653 facessebat.
360 589 425 665 Quo
453 589 578 650 nondum
606 590 683 649 victo
712 589 833 668 gravior
859 589 968 650 exstitit
996 588 1088 648 hostis
1110 589 1300 669 llitbridates,

129 702 166 762 ad
188 701 415 761 internecionem
435 699 537 780 populi
555 701 677 761 Romani
695 709 885 780 pugnaturus.
925 699 956 760 ln
975 697 1145 762 llaoedonia
1164 711 1193 761 et
1211 701 1301 762 Thra·

131 815 176 874 cia
203 813 405 872 ferocissimae
431 819 537 888 gentes
564 813 700 871 continuo
728 807 907 870 rebellantes
936 809 1096 870 domandae
1124 821 1222 889 erant,
1251 831 1301 873 eo·

130 923 256 1003 demque
282 933 416 1002 ternpore
438 922 550 1001 piratae
578 921 668 981 maria
691 922 785 982 omnia
810 921 963 1000 ipsamque
982 920 1093 983 ltaliam
1116 922 1301 1001 infestabant,

130 1043 161 1095 et
183 1037 261 1096 servi
291 1033 492 1095 cruentissimo
524 1030 604 1094 bello
632 1030 753 1092 eandem
776 1029 975 1092 devastabant.
1020 1032 1066 1094 nt
1080 1033 1151 1093 ‹hoc
1178 1034 1205 1092 in
1230 1032 1302 1092 urbe

131 1146 237 1226 plebes
255 1147 332 1207 lame
357 1151 386 1204 et
413 1141 585 1203 tributorum
605 1143 749 1220 gravitate
769 1160 873 1223 pressa
900 1142 1050 1204 aestuabat
1072 1144 1177 1204 invidia
1198 1142 1301 1204 nobili·

130 1258 197 1318 tatis
215 1265 246 1316 et
265 1255 359 1317 studio
380 1252 550 1315 tribuniciae
572 1255 725 1332 potestatis
744 1251 949 1314 restituendae.
989 1253 1071 1315 Haec
1090 1255 1176 1332 igitur
1195 1254 1300 1331 omnia,

129 1370 158 1428 in
188 1385 347 1449 paucorum
377 1381 515 1426 annorum
543 1365 665 1442 spatium
695 1372 838 1439 coartata,
879 1381 965 1441 quum
994 1382 1047 1444 per
1076 1383 1108 1426 se
1136 1365 1301 1428 Sallustium

130 1480 167 1541 ad
189 1477 374 1540 scribendum
397 1472 569 1552 invitabant,
591 1485 649 1536 tum
673 1475 746 1534 lraec
765 1491 868 1534 caussa
890 1475 1054 1534 accessisse
1071 1474 1202 1554 uidetur,
1223 1477 1302 1555 quod

79 1633 86 1646 .
129 1590 199 1652 illud
221 1599 334 1670 tempus
357 1584 482 1648 nondum
503 1603 518 1646 a
539 1603 683 1666 qucquam
707 1603 741 1646 ea
766 1603 834 1645 cura
857 1593 943 1663 atque
966 1584 1114 1662 diligentia
1137 1597 1300 1648 enarratum
1335 1645 1338 1654 ,

129 1703 239 1779 iuerat,
284 1717 368 1778 quam
404 1694 548 1776 poscebat
582 1715 678 1756 rerum
712 1694 868 1773 singularis
904 1703 1003 1755 natura
1038 1703 1123 1774 atque
1160 1698 1300 1774 gravitas.

130 1813 252 1875 Tantum
281 1819 376 1870 autern
405 1805 511 1883 abiait,
540 1815 569 1867 ut
594 1806 624 1866 L.
649 1807 789 1866 Sisennae
813 1823 889 1884 opus
912 1804 948 1864 de
976 1803 1056 1864 bello
1083 1805 1186 1866 sociali
1213 1816 1300 1886 atque

130 1923 231 1984 Sullae
259 1919 336 1980 civili
365 1917 562 1994 continuaret,
593 1933 669 1995 quae
694 1914 896 1976 nonnullorum
928 1923 972 1974 est
998 1914 1113 1992 opinio,
1140 1923 1185 1992 ut,
1215 1935 1301 1994 quum

131 2032 168 2094 ab
193 2050 229 2092 eo
253 2040 310 2090 tum
333 2029 361 2088 in
384 2026 565 2108 reipublicae
594 2026 754 2086 rationibus
777 2036 834 2086 tum
859 2024 953 2085 libero
976 2043 1029 2084 ore
1052 2023 1168 2084 multum
1191 2025 1300 2086 discre-

130 2152 231 2224 paret,
261 2141 375 2202 minime
399 2159 462 2200 cum
486 2155 522 2197 eo
554 2145 601 2196 aut
624 2139 793 2197 coniunctus
816 2155 883 2195 esse
906 2145 954 2196 aut
978 2136 1142 2214 comparari
1165 2136 1300 2196 volucrit.

217 2252 327 2329 Quibus
349 2250 477 2310 lontibus
499 2265 569 2307 usus
591 2247 643 2324 sit,
665 2264 702 2306 eo
722 2244 869 2306 diilicilius
891 2265 954 2306 cum
977 2245 1072 2330 aliqua
1096 2244 1302 2323 probabilitate

132 2364 266 2425 constitui
289 2369 402 2442 potest,
427 2357 504 2438 quod
527 2366 556 2417 et
579 2357 670 2437 ipsum
697 2357 760 2416 eius
784 2375 859 2436 opus
886 2357 984 2435 periit,
1014 2373 1110 2434 neque
1134 2355 1208 2417 ullus
1231 2359 1300 2418 scri·

131 2483 260 2554 ptorum,
284 2474 332 2553 qui
353 2471 389 2530 de
410 2470 467 2530 illis
485 2465 666 2546 temporibus
686 2469 835 2544 dixerunt,
856 2466 936 2526 velut
959 2466 1095 2527 Valerius
1117 2466 1236 2544 Antias,
1257 2468 1300 2528 Li·

132 2587 223 2646 cinius
242 2584 358 2660 blacer,
381 2581 484 2642 Aelius
505 2577 640 2656 Tubero,
665 2578 700 2654 Q.
720 2577 908 2653 Hortensius,
930 2575 960 2636 L.
979 2575 1139 2654 Lucceius,
1164 2577 1230 2656 alii,
1251 2598 1301 2639 no·

131 2696 176 2756 bis
197 2702 343 2775 superest.
389 2693 428 2755 Ut
450 2693 537 2770 igitur
557 2689 645 2768 plane
666 2689 722 2748 dici
741 2687 858 2765 nequit,
881 2694 1014 2764 quantum
1035 2687 1190 2751 Sallustius
1208 2711 1246 2752 ex
1265 2694 1302 2752 iis

131 2806 272 2883 hauserit,
304 2805 343 2863 ita
365 2802 479 2862 dubium
502 2819 559 2861 non
584 2808 643 2876 est,
675 2799 742 2877 quin
767 2815 874 2856 summa
898 2815 966 2856 cura
994 2799 1088 2858 omnia
1117 2804 1300 2880 cognoverit,

131 2915 205 2976 uude
226 2925 305 2976 certa
328 2913 427 2974 notitia
451 2910 565 2970 illorum
589 2920 750 2986 temporum
773 2907 833 2986 peti
857 2915 968 2985 posset.
1013 2907 1044 2966 ln
1065 2909 1100 2966 iis
1121 2919 1215 2969 autem
1237 2921 1301 2972 aota

131 3025 247 3107 publica
274 3041 331 3083 non
361 3032 521 3082 extremum
546 3019 642 3079 locum
672 3016 833 3078 obtinuisse
858 3035 912 3095 per
934 3035 966 3075 se
996 3026 1091 3095 patet;
1119 3036 1214 3097 neque
1238 3019 1300 3080 sine

130 3153 237 3212 magno
266 3151 319 3192 usu
347 3133 374 3192 ei
402 3130 493 3190 luisse
515 3138 572 3189 tum
595 3127 758 3203 orationes,
791 3143 867 3204 quae
896 3125 1010 3205 quidem
1034 3145 1070 3186 ex
1093 3126 1144 3187 illo
1167 3137 1300 3209 tempore

131 3241 299 3319 exstabant,
335 3251 392 3301 tum
419 3239 559 3300 maiorum
586 3247 652 3298 natu
680 3239 863 3298 narrationes
890 3234 965 3296 haud
996 3234 1122 3296 absurde
1151 3238 1299 3298 coniicias.

132 3355 220 3416 Certe
248 3360 327 3412 tanto
351 3350 474 3411 consilio
496 3359 632 3428 tantaque
662 3356 723 3407 arte
745 3349 774 3407 in
794 3346 883 3406 rebus
905 3345 1052 3406 tradendis
1082 3346 1300 3428 iudicandisque

132 3474 264 3525 versatus
286 3471 347 3538 est,
378 3470 407 3521 ut
430 3479 566 3521 summam
586 3458 722 3520 Historiis
746 3456 859 3518 laudem
888 3466 974 3536 atque
1003 3456 1218 3518 admirationem
1247 3458 1302 3518 sibi

132 3583 265 3657 pareret,
287 3590 384 3651 neque
405 3572 546 3631 immerito
565 3566 726 3644 Thucydidi
747 3575 967 3647 compararetur
983 3566 1038 3646 (ci.
1054 3565 1132 3627 vett.
1149 3566 1186 3644 ll,
1203 3567 1253 3644 36,
1270 3568 1300 3629 2.

133 3682 317 3763 Quintilli,
343 3683 375 3758 l,
401 3682 472 3744 101.
496 3678 540 3756 X,
563 3679 599 3756 2,
625 3679 702 3756 17.).

216 3795 298 3870 Quae
322 3791 405 3852 buius
427 3791 526 3886 pperis
550 3789 725 3868 praestantia
747 3787 850 3863 iuerit,
874 3804 931 3845 non
952 3785 1028 3846 lama
1050 3792 1156 3845 tantum
1178 3794 1207 3844 et
1229 3787 1299 3845 scri·
1341 3867 1343 3871 ,

132 3915 245 3984 ptorum
267 3900 439 3963 testimoniis
462 3906 591 3975 constat,
621 3897 673 3958 sed
702 3897 772 3958 satis
797 3897 890 3957 adbuc
913 3913 951 3954 ex
973 3893 1299 3976 fragmentisluumero-

133 4015 172 4073 sis
195 4023 224 4073 et
247 4031 285 4072 ex
307 4019 390 4090 parte
411 4008 562 4070 admodum
584 4007 687 4088 amplis
709 4007 901 4088 perspicitur,
926 4007 1035 4084 quippe
1058 4021 1096 4062 ex
1116 4003 1220 4082 quibus
1240 4003 1300 4063 uni·

132 4125 225 4183 versis
254 4129 336 4181 recte
366 4119 536 4199 compositis
565 4118 602 4178 de
635 4117 813 4195 singulorum
843 4116 982 4176 librorum
1015 4121 1185 4192 argumento
1214 4121 1300 4191 atque

133 4231 252 4308 ambitu,
276 4249 315 4290 ex
338 4227 502 4289 maioribus
517 4245 590 4288 vero
613 4237 642 4287 et
664 4227 750 4286 latius
772 4225 938 4305 patentibus
962 4224 998 4283 de
1022 4222 1145 4299 egregia
1168 4222 1300 4282 oratione

132 4340 206 4402 haud
232 4337 433 4419 improbabilis
462 4339 629 4398 coniectura
655 4335 720 4396 iniri
750 4336 851 4416 possit.
895 4333 1058 4394 Praemisso
1085 4330 1160 4390 enim
1183 4330 1299 4409 prolixo
