3028 4852
566 983 917 1062 CATILINA.

655 1194 828 1202 ——-———-

151 1379 155 1385 -
245 1342 267 1402 Ι.
314 1343 413 1404 Omnis
436 1343 584 1420 homines,
616 1344 663 1422 qui
686 1361 753 1404 sese
778 1342 893 1404 student
916 1353 1067 1422 praestare
1091 1347 1198 1407 cereris
1218 1348 1325 1407 anima-

150 1452 251 1529 libus,
274 1473 382 1514 summa
404 1473 462 1533 ope
484 1453 659 1529 allideret,
682 1472 718 1514 ne
743 1455 830 1514 vitam
853 1454 969 1513 silentio
990 1463 1138 1516 transeant
1161 1456 1251 1517 veluti
1275 1474 1326 1536 pe·

124 1578 247 1640 ecura,
272 1582 347 1643 quae
369 1574 471 1625 natura
493 1582 585 1644 prona
608 1575 695 1644 atque
719 1563 813 1624 ventri
833 1563 999 1625 obedientia
1016 1567 1106 1626 linxit.
1152 1566 1210 1627 Sed
1227 1574 1326 1626 nostra

153 1673 253 1732 omnis
280 1676 324 1734 vis
354 1677 381 1736 in
408 1677 503 1736 animo
533 1685 562 1736 et
587 1692 714 1758 carpere
743 1675 796 1734 sita
826 1684 886 1745 esl;
916 1677 1001 1736 animi
1022 1677 1163 1754 imperio,
1191 1678 1327 1755 eorporis

152 1785 280 1845 servitio
304 1789 397 1866 magis
419 1788 538 1854 utimum
568 1785 690 1846 alierum
713 1784 798 1844 uobis
824 1803 886 1844 oum
909 1783 969 1861 dis,
999 1784 1120 1846 alterum
1146 1806 1209 1847 oum
1231 1785 1326 1846 beluis

119 1912 310 1967 geommune
332 1907 386 1958 est.
432 1898 497 1974 Quo
520 1895 587 1956 mihi
611 1896 720 1956 rectius
742 1895 855 1956 videtur
874 1894 976 1972 ingeni
1001 1913 1086 1974 quarn
1102 1896 1203 1956 virium
1221 1894 1327 1974 opibus

150 2005 283 2082 gloriam
305 2025 465 2086 quaerere,
489 2017 536 2084 el,
559 2007 693 2086 quoniam
720 2006 778 2066 vita
800 2007 882 2085 ipsa,
909 2022 964 2083 qua
987 2005 1123 2082 fruimur,
1145 2005 1245 2065 brevis
1268 2013 1325 2081 esi,

79 2137 82 2144 “
119 2118 326 2181 lmemoriam
351 2122 442 2181 nostri
472 2139 556 2200 quam
586 2134 719 2179 maxume
747 2115 865 2194 longam
894 2115 1025 2176 ellieere.
1069 2115 1141 2177 Nam
1164 2114 1326 2175 divitiarum

188 2304 214 2353 Ι.
239 2304 262 2354 1.
289 2309 331 2370 qui
357 2324 414 2358 aere
443 2307 545 2358 student
569 2301 717 2369 praestare]
798 2303 822 2351 2.
850 2299 913 2366 Sed]
939 2304 1032 2354 Nexus
1056 2302 1102 2353 hie
1129 2307 1184 2355 est:
1208 2317 1327 2366 pecorum

148 2379 265 2430 Studere
283 2385 398 2435 verbum
417 2390 445 2435 et
464 2384 581 2447 similia,
606 2381 720 2448 plerum·
763 2384 863 2432 natura
879 2381 937 2432 solo
955 2398 1068 2448 corpore
1081 2386 1207 2442 eonslat;
1225 2381 1273 2432 sed
1282 2397 1329 2432 nos

150 2473 207 2522 que
228 2458 365 2514 infinitivo
384 2463 497 2526 iuncta,
516 2477 577 2512 oum
592 2475 683 2510 accus.
696 2475 720 2509 c.
764 2463 921 2509 constamus
940 2461 1031 2509 animo
1051 2464 1079 2510 el
1097 2476 1221 2526 corpore.

148 2537 202 2587 inf.
241 2543 451 2602 construuntur,
484 2557 536 2606 quo
567 2537 721 2592 voluntatis
798 2536 874 2585 anim
889 2537 993 2600 imperio
1006 2535 1139 2602 —ulinnrr·]
1153 2538 1171 2588 i.
1184 2554 1207 2589 e.
1220 2537 1327 2587 animus

149 2615 268 2679 prodita
287 2618 452 2682 significatio
471 2619 572 2670 certius
588 2631 721 2683 agnosca·
764 2613 803 2662 ita
815 2617 987 2677 comparatus
1001 2617 1059 2676 eal,
1075 2618 1107 2664 nt
1123 2615 1253 2682 imperet,
1269 2629 1327 2664 cor·

150 2697 219 2754 tur3
244 2694 281 2744 ef.
302 2694 358 2745 Cic.
379 2697 408 2746 in
431 2695 491 2746 Oai.
511 2697 540 2758 Ι,
565 2700 600 2759 2,
624 2699 650 2746 4.
675 2695 721 2745 Cu·
764 2705 830 2754 pus,
850 2692 881 2738 Ut
900 2691 987 2756 magis
1005 2693 1119 2743 Serviat·

146 2774 194 2836 pio
215 2787 258 2822 me
282 2787 354 2822 esse
379 2775 526 2826 clementem.
552 2774 590 2824 id.
611 2773 664 2825 Off.
683 2772 721 2834 11,
799 2773 1065 2841 ulterram-alteram]
1091 2777 1169 2827 Haeo
1189 2791 1245 2826 non
1264 2775 1327 2826 sirn-

149 2852 203 2913 22,
224 2849 266 2899 78.
292 2849 341 2910 Qui
362 2854 496 2914 popularia
526 2867 559 2902 ee
588 2867 658 2902 ease
680 2865 721 2900 vo·
763 2848 873 2915 pliciter
894 2852 930 2902 ad
954 2855 1030 2904 animi
1053 2857 1081 2903 et
1106 2857 1220 2916 eorporis
1245 2867 1327 2904 voca·
1389 2912 1391 2918 ,

149 2929 218 2976 lunt.
256 2927 325 2975 Tum
350 2931 377 2977 et
395 2927 471 2978 locus
491 2932 519 2978 el
541 2928 646 2993 plenior
667 2927 722 2976 l'or-
763 2926 828 2976 bula
852 2927 1025 2993 referuntur,
1049 2929 1098 2981 sed
1116 2930 1151 2979 ad
1169 2931 1327 2980 universum

151 3021 199 3054 ma
220 3019 278 3054 sese
296 3007 464 3067 pronominis
483 3023 544 3057 eam
556 3007 612 3057 vim
628 3003 721 3066 habel,
764 3006 953 3068 enuneialum;
972 3023 1057 3072 quare
1067 3006 1185 3056 alterum
1195 3010 1247 3069 est,
1262 3007 1328 3070 quud

152 3087 186 3132 ul
205 3093 313 3143 eorum,
335 3083 642 3146 quietuderedieuntur,
661 3098 721 3146 per·
763 3070 839 3132 animi
852 3085 967 3146 armaio,
994 3084 1110 3134 alterum
1128 3085 1195 3149 quod
1211 3087 1327 3148 corporia

155 3174 243 3209 sonae
263 3157 401 3208 emineant
424 3165 451 3210 el
473 3160 585 3224 gravius
607 3159 720 3210 efferan-
763 3161 864 3210 reruitio
882 3162 960 3226 mopir
977 3164 1075 3212 utimur.

153 3232 266 3294 iurisss·
280 3231 340 3282 0⁸2·
354 3234 397 3296 32,
410 3237 435 3285 2·
452 3236 609 3302 1ug.84,1.
620 3241 648 3288 et
658 3239 682 3299 ἓ·
694 3239 720 3286 ‘¹-
798 3247 971 3310 uolonum·
992 3246 1095 3314 rectius]
1122 3246 1199 3296 Haec
1224 3247 1265 3297 ita
1282 3262 1327 3297 co-

193 3337 226 3371 ne
241 3322 316 3370 vitum
334 3321 434 3372 silentio
452 3321 596 3389 transeant]
613 3324 631 3372 i.
649 3339 672 3373 e.
687 3339 721 3373 ne
763 3325 877 3375 haerent
904 3343 966 3377 eum
998 3325 1239 3392 praecedentibus:
1273 3342 1327 3392 quo

153 3400 232 3450 vitae
256 3412 365 3446 cursum
389 3398 431 3448 ils
454 3405 603 3465 peragunt,
633 3404 664 3452 ut
688 3401 720 3452 de
763 3403 850 3467 magis
880 3403 1022 3470 imperium
1048 3407 1173 3470 praestat
1201 3405 1328 3467 servitio,

153 3476 224 3539 ipsis
244 3475 368 3525 sileatur.
764 3497 796 3532 eo
815 3481 916 3534 rectius
934 3482 1002 3532 mihi
1015 3482 1125 3534 videtur
1138 3485 1191 3532 ete.
1212 3482 1247 3532 of.
1265 3484 1327 3535 cat.

189 3571 296 3638 peroro]
309 3575 354 3623 Ita
364 3575 491 3624 dicuntur
500 3574 642 3637 animalia,
654 3592 719 3640 qua·
764 3559 805 3623 ¹32
824 3561 849 3611 5·

154 3653 237 3700 tenus
254 3650 335 3700 bruta
353 3655 417 3701 sunl
436 3667 469 3700 ao
487 3651 595 3701 ratione
615 3658 719 3703 carent.
796 3654 848 3702 vita
871 3654 942 3714 ipra,
967 3663 1017 3713 qua
1038 3644 1157 3712 fruimur]
1185 3647 1204 3697 i.
1224 3666 1247 3700 e.
1267 3652 1326 3702 vitu

154 3726 260 3776 Eadem
278 3727 517 3778 beluuevooantur
533 3735 646 3794 propter
666 3730 720 3780 lor·
762 3745 810 3794 per
835 3745 879 3792 se,
906 3727 986 3778 euius
1013 3724 1102 3792 nobis,
1118 3725 1201 3790 eopia
1219 3726 1250 3776 fit
1267 3743 1326 3778 our-

155 3819 228 3854 mam
247 3806 421 3856 invenustam
440 3810 468 3857 et
485 3807 555 3857 mole
573 3823 624 3859 sua
644 3808 720 3858 inho·
762 3807 835 3872 poris
853 3803 995 3856 beneficio.

155 3882 248 3933 bilem.
796 3896 887 3964 nostri]
926 3893 1072 3947 Genitivus
1104 3898 1147 3948 eet
1178 3894 1325 3959 singularis

190 3972 285 4040 prona]
305 3973 342 4024 el.
363 3973 420 4024 Cio.
440 3976 473 4026 de
491 3977 576 4040 Legg.
596 3975 620 4037 1,
634 3975 660 4037 9,
678 3975 721 4026 26.
763 3991 840 4042 pron.
859 3991 944 4040 possa,
969 3987 1023 4022 non
1040 3969 1247 4022 confundendus
1266 3987 1327 4022 euru

157 4051 257 4102 Natura
275 4067 347 4117 quum
360 4060 460 4102 ceterae
478 4055 615 4102 animantes
632 4052 722 4102 abie-
761 4054 847 4118 genii.
882 4050 952 4117 plur.
988 4063 1064 4114 pron.
1096 4049 1250 4112 personalis
1282 4065 1326 4100 no·

156 4131 256 4179 cieret
273 4129 316 4178 ad
337 4137 476 4192 partum,
503 4133 580 4180 solum
606 4129 723 4179 hornimera
762 4139 849 4182 airum,
874 4129 980 4192 Quippe
1003 4127 1084 4175 nostru*
1106 4142 1188 4191 quum
1206 4127 1243 4177 sit
1262 4142 1328 4177 neu·

157 4210 276 4268 eremit,
301 4208 337 4256 ad
351 4209 462 4272 coelique
479 4213 554 4272 quasi
569 4209 725 4272 ropnationia
763 4212 806 4256 lro
823 4221 921 4270 genere
948 4204 1065 4267 dietum,
1094 4220 1126 4254 eo
1153 4205 1330 4271 comprehen-

158 4281 319 4348 domiriliique
343 4286 445 4346 pristini
473 4292 629 4347 eorrepertrmr
653 4286 722 4334 euri·
764 4285 853 4345 ditur,
879 4281 1009 4347 quiequid
1028 4286 1070 4333 esi
1089 4281 1260 4332 condicionis
1284 4287 1325 4332 at-

158 4359 228 4407 terit.
261 4391 263 4396 -
766 4375 818 4424 que
841 4372 973 4423 personae
995 4363 1120 4422 nostrae3
1145 4360 1181 4411 el.
1201 4361 1260 4424 lug.
1283 4361 1327 4423 14,
1366 4412 1386 4430 ,-

1070 4443 1119 4506 3*
