3024 4852
468 321 660 381 mcunrun.
694 319 724 368 c.
750 318 875 368 xxvtu.
898 318 995 366 xx1x.
1251 305 1310 366 155

142 477 222 563 quod
259 478 490 557 administrabat,
526 481 713 559 asperitatem
742 478 899 539 ostendere
932 445 1047 558 coepit,
1082 478 1192 536 animus
1220 495 1312 555 aeger

113 589 261 648 ‘tavaritia
282 588 369 650 iacile
393 607 555 650 convorsus
577 601 632 651 est.
674 589 810 652 Ceterum
830 590 929 650 socius
950 598 980 650 ct
1001 588 1167 648 administer
1188 589 1311 648 omnium

142 699 330 759 consiliorum
357 702 509 762 assumitur
532 702 675 780 Scaurus,
704 703 751 780 qui
779 701 892 761 tametsi
921 719 938 759 a
968 698 1129 780 principio,
1162 698 1312 779 plerisque

142 831 180 871 ex
202 813 331 871 factione
360 812 422 871 eius
452 813 611 893 corruptis,
639 831 791 873 acerrume
824 829 926 890 regem
954 811 1188 888 impugnaverat,
1217 821 1312 872 tamen

141 921 336 999 magnitudine
359 924 502 1001 pecuniae
524 943 540 983 a
568 922 645 983 bono
669 923 854 1000 honestoque
881 924 909 982 in
930 927 1050 1000 pravum
1071 920 1235 981 abstractus
1258 932 1312 982 est.

112 1034 206 1094 used·
223 1032 359 1111 lugurtha
383 1034 475 1112 primo
493 1033 689 1094 tantummodo
707 1015 778 1094 belli
799 1049 908 1092 moram
931 1029 1104 1108 redimebat,
1128 1032 1312 1110 existumans,

143 1163 211 1205 sese
231 1143 339 1223 aliquid
357 1143 470 1224 interim
486 1144 598 1204 Romae
617 1147 713 1223 pretio
732 1153 780 1204 aut
799 1141 891 1220 gratia
911 1143 1093 1210 effecturum
1115 1131 1218 1222 postea
1240 1161 1313 1204 vero

144 1273 228 1334 quam
256 1254 430 1334 participem
457 1255 558 1331 negoti
580 1255 720 1315 Scaurum
747 1255 879 1334 accepit,
910 1253 938 1312 ln
966 1270 1125 1312 maxumam
1154 1271 1236 1334 sporn
1265 1255 1313 1316 ad·

144 1365 248 1424 ductus
269 1363 489 1452 recuperandae
516 1368 612 1444 pacis,
643 1367 739 1427 statuit
768 1383 832 1425 cum
855 1365 889 1425 iis
913 1364 949 1424 de
977 1362 1109 1424 omuibus
1131 1365 1314 1444 pactionibus

115 1483 288 1554 apraeseus
314 1493 416 1551 agere.
469 1474 605 1537 Ceterum
634 1478 742 1536 interea
773 1476 840 1536 fidei
869 1463 970 1536 caussa
1000 1476 1118 1536 mittitur
1145 1496 1162 1538 a
1192 1477 1313 1538 consule

146 1586 263 1646 Sextius
291 1595 430 1664 quiaestor
457 1587 485 1646 in
512 1587 650 1670 oppidum
673 1587 828 1664 iugurthae
852 1589 977 1665 Vagam;
1017 1588 1097 1648 cuius
1125 1588 1167 1648 rei
1196 1589 1314 1667 species

145 1706 208 1756 erat
227 1700 362 1777 acceptio
383 1698 532 1776 humenti,
559 1697 637 1777 quod
660 1695 832 1777 Calpurnius
862 1698 955 1778 palam
979 1698 1085 1776 legatis
1112 1701 1314 1778 imperaverat,

118 1809 281 1887 oquoniam
300 1808 454 1870 deditionis
474 1827 554 1869 mora
580 1808 712 1868 induciae
736 1807 927 1885 agitabantur.
972 1807 1064 1886 lgitur
1090 1827 1160 1884 rex,
1186 1809 1224 1867 uti
1244 1826 1313 1868 con·

145 1919 291 1996 stituerat,
313 1920 341 1978 in
365 1928 458 1980 castra
481 1921 575 1997 venit,
595 1937 632 1980 ac
651 1935 742 2000 pauca
766 1919 911 1996 praesenti
935 1917 1059 1978 consilio
1081 1919 1196 1978 locutus
1218 1917 1255 1977 de
1274 1919 1313 1976 in-

146 2028 221 2089 vidia
236 2028 305 2089 facti
325 2030 382 2106 sui,
405 2038 494 2108 atque
509 2039 538 2089 ut
557 2031 584 2090 in
597 2030 772 2090 deditionem
785 2030 985 2108 acciperetur,
1008 2028 1119 2107 reliqua
1142 2047 1206 2088 cum
1217 2028 1314 2088 Bestia

146 2133 300 2199 et'Scauro
325 2150 440 2200 secreta
460 2141 607 2218 transigit;
629 2141 695 2201 dein
715 2149 837 2220 postero
853 2138 914 2215 dic,
935 2141 1017 2217 quasi
1040 2157 1094 2218 per
1108 2148 1231 2200 saturato
1250 2155 1314 2198 sen·

117 2251 242 2313 otentiis
260 2252 427 2330 exquisitis,
457 2252 484 2312 in
502 2251 677 2312 deditionem
696 2251 847 2330 accipitur.
884 2249 958 2326 Sed,
981 2252 1021 2310 uti
1040 2267 1095 2330 pro
1119 2250 1241 2311 oonsilio
1264 2250 1313 2309 im·

148 2369 278 2440 peratum
300 2370 377 2438 erat,
401 2361 548 2443 elephanti
570 2363 701 2440 triginta,
725 2380 817 2442 pecus
836 2370 923 2440 atque
946 2362 1013 2440 equi
1035 2361 1115 2421 multi
1137 2379 1200 2421 cum
1223 2381 1314 2442 parvo

146 2472 259 2549 argenti
273 2471 405 2552 pondere
421 2474 569 2552 quaestori
583 2472 740 2533 traduntur.
764 2469 936 2553 Calpurnius
948 2472 1069 2532 Romam
1083 2472 1119 2533 ad
1132 2474 1316 2552 magistratus

146 2578 295 2660 rogandos
314 2584 520 2662 proficiscitur.
549 2584 581 2645 ln
598 2584 730 2644 Numidia
748 2594 778 2645 et
796 2584 927 2644 exercitu
944 2591 1046 2643 nostro
1064 2602 1122 2662 pan
1142 2584 1313 2662 agitabatur.

181 2770 280 2820 XXIX.
297 2771 322 2822 1.
341 2769 451 2836 tentare]
474 2787 512 2823 sc.
525 2770 708 2838 Calpurnium.
785 2772 860 2834 qnasi
881 2785 931 2832 per
956 2767 1079 2834 satarum]
1112 2771 1192 2820 Lana
1213 2779 1313 2836 catara,

181 2846 325 2911 ostendere]
344 2863 383 2897 sc.
402 2849 509 2912 reipsa
531 2855 612 2915 atque
631 2865 710 2914 expe·
751 2845 895 2896 brevitatis
915 2861 1013 2896 caussa
1031 2853 1121 2896 settara
1135 2847 1218 2911 dicta,
1234 2863 1315 2913 quum

145 2923 276 2985 rimento,
298 2924 517 2991 utintelligeret
542 2927 596 2976 dux
613 2929 710 2977 Roma·
751 2925 816 2974 lanx
834 2928 907 2974 esset
924 2925 1007 2974 variis
1032 2925 1086 2974 cibi
1107 2926 1251 2990 generibus
1271 2943 1314 2978 re-

146 3014 212 3061 nus,
240 3000 374 3050 sibi'oum
399 3003 529 3054 acerrimo
554 3004 710 3054 adversario
750 3001 834 3068 plata,
851 3016 901 3064 per·
918 3001 1176 3053 antnrnmtrauslate
1191 3003 1315 3056 adverbii

147 3091 203 3126 rem
222 3094 291 3131 asse.
751 3083 888 3145 potestate
901 3078 1080 3145 significabat
1092 3084 1172 3133 audie
1189 3083 1265 3134 rebus
1278 3089 1315 3136 in-

183 3179 262 3230 ueger
282 3162 403 3230 abaritia]
432 3165 451 3216 i.
471 3181 495 3218 e.
512 3169 630 3219 avaritia
651 3171 711 3218 tau·
751 3167 792 3209 ier
814 3172 849 3208 ⁸⁶*
864 3159 1015 3220 permissi»
1038 3160 1194 3224 ⁰⁰7²su80'00
1213 3169 1314 3225 timui·

149 3258 228 3308 quam
247 3243 340 3293 morbo
360 3248 509 3308 correptus.
753 3237 828 3298 bate,
845 3237 911 3286 antio
929 3236 1026 3289 ordine.
1057 3243 1065 3256 ¹

183 3331 209 3379 2.
229 3327 376 3394 assumitur]
396 3345 435 3380 sc.
453 3346 470 3380 a
487 3331 590 3381 Bestia.
787 3341 812 3390 6.
835 3355 884 3402 pro
902 3336 1015 3404 consitio]
1043 3338 1130 3390 Sensu
1149 3356 1204 3391 non
1227 3341 1316 3396 differt

183 3414 208 3466 3.
228 3413 376 3480 redimebat]
396 3415 413 3467 i.
434 3431 457 3466 e.
476 3415 607 3466 redimere
623 3414 712 3465 stude·
753 3418 787 3468 ab
803 3419 828 3467 in
846 3419 970 3478 consilia,
987 3432 1150 3484 quamquam
1166 3435 1216 3484 pro
1232 3426 1316 3488 parti·

147 3491 209 3553 ba't3
229 3509 255 3543 v.
276 3492 311 3542 ad
325 3492 386 3558 Iug.
400 3493 443 3556 27,
462 3494 486 3544 1.
754 3495 831 3547 culae
857 3495 966 3561 propria
989 3501 1111 3560 potestas
1135 3499 1174 3549 ita
1197 3507 1315 3568 constat,

183 3577 210 3626 4.
232 3577 297 3640 fidei
318 3576 409 3644 caasa]
442 3593 481 3630 sc.
505 3578 584 3628 obses
612 3577 711 3628 missus
752 3579 783 3624 ut
801 3573 911 3637 Bestia,
935 3588 1017 3637 quum
1041 3588 1087 3623 eas
1105 3590 1148 3624 res
1166 3577 1315 3642 Iugurthae

149 3658 199 3717 est,
219 3655 295 3704 cuitus
312 3655 365 3706 fide
376 3656 509 3722 Iugurtha
527 3655 562 3706 ad
572 3653 711 3706 consulem
751 3650 1208 3716 imperaret,inconspectuconsilii
1218 3655 1315 3722 (=pro

148 3733 264 3784 veniret.
341 3729 344 3736 '
753 3727 865 3794 coasilio)
886 3728 997 3777 stetisse
1016 3728 1179 3793 cogitandus
1203 3733 1253 3794 sit;
1277 3733 1314 3784 cf.

183 3826 316 3878 deditionis
328 3822 409 3890 mora]
429 3825 448 3873 i.
461 3839 485 3876 e.
498 3825 585 3876 donec
598 3825 711 3887 deditio,
755 3803 816 3869 ΠΨ
836 3805 867 3867 8,
885 3806 911 3855 ²·

148 3920 213 3970 qaae
229 3899 388 3962 trahebatur,
405 3901 480 3952 facta
498 3906 580 3953 esset.
787 3919 839 3954 anun
855 3917 937 3966 paruo
953 3903 1053 3965 arpenti
1065 3897 1190 3966 pondere]
1210 3915 1248 3952 sa.
1264 3899 1316 3951 hoo

184 3991 209 4040 b.
228 3990 261 4039 de
277 3987 372 4038 inuidia
386 3986 453 4049 sacti
469 3983 556 4050 sni]‘i.
576 4001 600 4036 e.
620 3986 655 4036 ad
672 3987 712 4035 in·
752 3981 812 4045 ipso
831 3978 976 4030 constabat
993 3978 1069 4044 pacis
1088 3979 1205 4029 avaritia
1223 3980 1316 4030 factae

150 4055 250 4122 sidiam
269 4064 337 4114 iacti
351 4063 394 4113 sui
412 4061 577 4114 diluendam.
752 4059 843 4119 fraus,
867 4055 939 4120 quod
959 4071 1045 4120 parva
1062 4057 1193 4120 pecuniae
1211 4072 1315 4108 summa

183 4149 293 4216 secreta]
315 4151 335 4202 i.
355 4165 378 4203 e.
395 4151 449 4214 ita,
468 4155 499 4201 ut
516 4154 622 4201 secreta
641 4154 712 4200 cepe.
752 4133 911 4184 tradebatur
920 4133 1059 4197 quaestori
1069 4133 1097 4183 in
1109 4135 1242 4186 aerarium
1252 4151 1315 4186 con-

149 4229 241 4294 risque
259 4228 355 4293 ignota
369 4231 459 4280 essent
474 4230 527 4296 (ate
540 4225 711 4289 debebantur),
752 4211 873 4272 ferendas
898 4209 978 4276 ¹⁰¹18⁰
996 4212 1140 4288 maffimssm
1159 4214 1254 4264 Βθθῒῑὸ
1274 4217 1316 4264 ai·

148 4304 284 4357 adiectivo
296 4305 483 4370 praedicatum
501 4307 662 4367 delinient03
682 4319 709 4354 v.
753 4305 805 4356 <111⁰
823 4290 940 4339 scaurus
957 4289 1086 4353 Pfllafim
1103 4292 1283 4357 accilibbam·

149 4384 185 4436 ad
204 4385 264 4448 cat.
283 4383 326 4449 26,
345 4387 370 4437 b.
390 4382 433 4448 3³,
452 4383 477 4435 3.
788 4385 825 4436 ad
844 4385 1007 4450 magistratus
1024 4383 1164 4452 repandae]
1191 4387 1211 4439 i.
1235 4402 1269 4440 e.
1282 4391 1314 4438 ut
1344 4461 1349 4470 .
