3028 4852
492 1034 961 1114 PROLEGOMENA.

658 1341 742 1407 Ona.
766 1342 794 1406 I.

417 1499 457 1566 lie
475 1497 600 1565 Sallustii
620 1501 691 1576 rita,
715 1500 828 1580 ingenis
848 1517 882 1563 ac
901 1499 1035 1564 moribus.

230 1711 263 1773 C.
287 1713 442 1774 Sallustius
462 1711 586 1794 Crispus
601 1713 742 1773 Amiterni
763 1712 792 1770 in
808 1711 923 1772 Sabinis
938 1731 964 1772 a.
982 1714 1033 1775 86.
1048 1733 1074 1774 a.
1091 1712 1159 1774 Chr.
1176 1733 1204 1774 n.
1222 1715 1313 1795 (668.

143 1843 170 1883 u.
200 1824 244 1901 c.)
276 1824 384 1884 iamilia
418 1823 536 1903 plebeia
565 1833 648 1885 natus
677 1831 737 1900 est,
768 1839 825 1902 quo
855 1832 988 1900 tempore
1017 1823 1154 1884 blarianis
1182 1825 1313 1904 partibus

142 1953 251 1994 summa
273 1935 300 1993 vi
324 1935 419 1993 omnia
442 1934 470 1992 in
493 1933 566 1993 urbe
588 1932 779 1993 tractantibus
801 1931 969 2011 respublica
992 1933 1047 1992 iam
1069 1932 1221 1994 admodum
1245 1951 1313 1992 con·

144 2064 230 2106 cussa
251 2054 329 2121 erat,
359 2062 431 2122 quas
453 2042 554 2104 turbas
575 2061 661 2121 mox,
692 2043 773 2104 Sulla
799 2061 837 2102 ex
860 2042 940 2102 bello
961 2041 1156 2104 Mithridatico
1178 2061 1313 2121 reverso,

145 2164 284 2216 cruentae
305 2154 405 2216 clades
427 2161 456 2213 et
470 2155 663 2230 gravissimae
686 2171 782 2214 rerum
805 2153 1018 2213 conversiones
1039 2164 1215 2216 consecutae
1238 2161 1313 2212 sunt.

141 2265 187 2326 Dc
210 2269 273 2327 eius
294 2269 460 2341 iuventute,
483 2265 677 2342 institutione,
700 2264 789 2325 rebus
812 2264 982 2324 domesticis
1004 2283 1039 2325 ac
1055 2275 1154 2326 cetera
1176 2265 1313 2324 vitatum

143 2380 254 2457 privata
274 2386 332 2436 tum
356 2374 474 2454 publica
497 2373 572 2434 haud
595 2372 682 2434 dubie
706 2376 832 2435 certiora
854 2375 940 2435 nobis
964 2384 1147 2452 constarent,
1175 2375 1200 2435 si
1218 2373 1312 2434 Asco-

142 2491 180 2548 nii
206 2487 324 2548 Pediani
353 2485 444 2561 liber,
474 2503 560 2563 quem
588 2495 665 2546 teste
695 2461 789 2546 schol.
818 2487 853 2548 ad
876 2485 978 2546 Horat.
1001 2487 1062 2545 Sat.
1084 2486 1115 2563 l,
1137 2486 1173 2562 2,
1194 2485 1245 2546 41.
1275 2483 1312 2544 de

143 2601 206 2658 eius
237 2599 297 2658 vita
334 2597 527 2674 conscripsit,
562 2605 687 2656 aetatem
722 2597 846 2657 tulisset.
873 2617 876 2622 ·
904 2597 969 2672 Quo
1001 2594 1154 2674 deperdito
1188 2605 1246 2656 tum
1274 2612 1313 2654 ex

142 2711 234 2788 ipsius
256 2709 375 2787 scriptis
396 2716 454 2766 turn
479 2725 517 2766 ex
540 2707 613 2766 raris
637 2725 672 2766 ac
695 2706 837 2785 dispersis
859 2685 989 2766 v'eterum
1014 2714 1162 2766 auctorum
1183 2705 1311 2765 testimo·

141 2821 196 2878 niis
219 2817 386 2896 colligenda
414 2827 495 2893 sunt,
524 2816 630 2895 quibus
658 2817 753 2876 tenuis
783 2815 924 2894 quaedam
946 2833 1042 2893 neque
1070 2815 1140 2876 satis
1167 2815 1312 2874 illustrata

141 2931 218 2990 vitae
240 2930 303 2988 eius
324 2927 421 3004 imago
445 2927 605 2987 coniicitur.
650 2925 742 3004 lgitur
765 2927 897 3004 egregiis
921 2934 1042 2986 naturae
1069 2924 1185 2984 dotibus
1205 2924 1311 2984 doctri·

141 3057 255 3118 naeque
281 3034 436 3116 praesidiis
460 3036 619 3096 instructus
648 3035 824 3096 adolescens
853 3055 922 3096 acre
951 3033 1073 3096 studium
1107 3033 1142 3094 ad
1170 3035 1311 3094 historiae

142 3149 338 3226 cognitionem
364 3143 502 3220 contulit,
537 3154 567 3205 ut
593 3147 658 3226 ipse
686 3147 715 3205 in
744 3145 808 3207 Cat.
837 3147 874 3221 4,
904 3147 933 3206 2.
965 3145 1131 3225 profitetur;
1162 3143 1215 3203 sed
1243 3161 1312 3202 mox

142 3257 243 3318 studiis
265 3255 424 3314 litterarum
448 3255 558 3316 relictis
588 3274 698 3316 morem
728 3258 832 3317 aetatis
858 3273 929 3316 suae
952 3265 1070 3316 secutus
1093 3253 1129 3314 ad
1154 3253 1310 3333 rempubli-

142 3389 204 3431 cam
224 3339 367 3426 latus'est
388 3363 467 3445 (Cat.
488 3367 525 3443 3,
548 3367 614 3444 3.),
636 3383 693 3446 quo
716 3366 856 3427 honorum
877 3365 950 3426 viam
972 3365 1027 3426 sibi
1049 3365 1185 3444 aperiret.
1228 3365 1311 3440 Quae

142 3497 227 3558 quum
254 3479 282 3537 in
308 3475 441 3536 diversas
469 3485 569 3555 partes
596 3485 726 3555 pateret,
762 3486 791 3536 ut
815 3485 861 3536 aut
890 3477 919 3536 in
947 3477 1126 3556 optimatium
1153 3483 1247 3534 castra
1277 3491 1309 3532 se

143 3589 291 3650 conferret
326 3595 355 3646 et
383 3605 542 3666 paucorum
575 3589 736 3665 potentium
770 3587 900 3647 consiliis
931 3585 1162 3664 obtemperando
1193 3584 1309 3643 illorum

142 3701 234 3778 gratia
262 3707 291 3757 et
320 3697 423 3757 lavore
455 3697 667 3773 extolleretur,
698 3708 745 3758 aut
774 3717 874 3758 eorum
906 3695 1036 3776 partibus
1065 3713 1097 3754 se
1126 3693 1309 3770 adiungeret,

143 3811 191 3888 qui
214 3817 314 3869 contra
341 3806 500 3868 nobilitatis
523 3808 688 3884 avaritiam,
720 3808 889 3887 superbiam
919 3817 948 3867 et
970 3805 1173 3866 dominationis
1200 3802 1309 3882 cupidi-

142 3929 228 3980 tatem
254 3927 399 3997 perpetuo
427 3917 612 3997 pugnabant,
644 3919 730 3996 aequi
757 3918 885 3998 bonique
914 3935 1018 3993 sensu,
1051 3933 1136 3994 quem
1159 3924 1257 3974 natura
1281 3913 1309 3972 ei

142 4030 330 4107 ingenuerat,
354 4029 457 4088 ductus
480 4037 509 4088 et
531 4044 641 4087 summo
662 4027 804 4088 libertatis
826 4047 924 4088 amore
948 4027 1077 4104 ilagrans
1097 4043 1150 4084 eos
1171 4025 1199 4080 in
1222 4040 1308 4100 repu-

142 4139 218 4199 blica
238 4138 369 4216 gerenda
392 4147 509 4200 secutus
530 4147 591 4214 est,
621 4137 670 4216 qui
694 4138 794 4217 populi
824 4140 885 4198 iura
908 4147 1009 4199 contra
1031 4134 1207 4214 optimatium
1230 4150 1308 4192 arro·

141 4251 267 4326 gantiam
297 4249 499 4310 deienderent.
545 4248 588 4307 lta
616 4265 701 4325 quum
725 4249 780 4306 iam
809 4248 845 4307 ab
870 4249 948 4308 initio
980 4245 1119 4323 gravibus
1148 4245 1307 4302 contentio-

141 4358 243 4437 nibus,
283 4359 387 4438 quibus
419 4369 476 4419 tum
507 4357 681 4436 respublica
709 4356 927 4433 exagitabatur,
964 4355 1177 4434 implicaretur,
1214 4369 1308 4428 neque

206 4488 360 4532 snnnusn.
1082 4463 1096 4521 1
