2994 4846
174 217 236 278 334
579 235 611 284 c.
633 235 803 285 smnusm
825 237 939 286 cnrsrr

258 387 288 448 3.
310 353 450 448 l’rohibet
472 406 584 450 nocere
606 409 765 471 uenenum,
789 393 867 473 qnod
888 393 940 455 tibi
961 394 1054 455 datur.

236 498 288 556 ·4.
310 496 442 559 Peractis
464 502 649 580 septuaginta
671 505 754 564 annis
774 513 900 565 armatus
921 523 1026 584 equum
1048 505 1169 565 insilire.

258 607 287 664 5.
309 606 347 667 Et
369 608 396 667 in
419 609 543 688 procliis
562 620 629 672 actu
652 622 814 693 promptus.

258 717 287 778 6.
311 717 466 780 'lurbinunr
486 729 582 782 mutus
604 740 698 799 vagus
716 735 761 786 est
784 733 813 784 et
830 724 971 786 disiectus
991 735 1020 786 ct
1042 722 1099 810 [uti
1116 707 1262 786 Sallustii
1275 742 1349 784 oer-

171 823 221 888 bis
242 823 326 914 utar]
349 833 525 894 vorticosus.

257 939 286 999 7.
307 941 421 1019 Regem
442 944 642 1006 aversabatur.

257 1051 286 1112 8.
310 1048 408 1112 Ceteri
429 1057 547 1134 negotia
571 1055 769 1135 sequebantur
790 1055 941 1118 familiaria
963 1055 1128 1134 legatorum
1148 1064 1196 1115 aut
1214 1054 1345 1115 tribuno-

171 1179 248 1240 rum,
271 1169 300 1222 et
323 1180 392 1241 pars
415 1182 483 1243 sua,
506 1165 730 1242 commeatibus,
752 1169 953 1227 mercatis...

255 1273 285 1334 9.
310 1273 365 1348 Qui
388 1277 471 1336 uxori
494 1276 556 1335 eius
585 1277 677 1336 frater
699 1286 770 1336 erat.

257 1385 306 1445 10.
331 1376 552 1462 [Σαλούστιος
573 1377 636 1465 μὲν
663 1367 727 1446 οὖν
748 1388 844 1466 φησι]
872 1383 1022 1464 χαλεπῶς
1044 1383 1241 1467 διατεθῆναι
1263 1377 1344 1459 τούς

169 1483 372 1573 στρατιώτας
391 1482 475 1574 πρὸς
496 1482 602 1556 αὐτόν
619 1485 725 1569 εὐθὺς
746 1493 784 1557 ἐν
804 1484 887 1580 ἀρχῇ
908 1491 970 1557 τοῦ
991 1494 1141 1577 πολέμου
1163 1487 1246 1578 πρὸς
1267 1497 1345 1558 Κυ-

170 1603 246 1688 ζίκῳ
269 1597 324 1666 καὶ
345 1596 448 1665 πάλιν
468 1592 551 1685 πρὸς
568 1595 690 1692 Ἀμισῷ
712 1598 775 1668 drio
797 1603 960 1687 χειμῶνας
979 1601 1052 1688 ἑξῆς
1070 1603 1108 1668 ἐν
1127 1599 1247 1688 χάρακι
1266 1605 1344 1668 δια-

169 1723 285 1796 γαγεῖν
307 1705 591 1796 ἀναγκασθέντας.

257 1829 305 1890 11.
326 1828 465 1890 Lucullus
486 1830 637 1907 pecuniam
661 1828 777 1903 Quintio
800 1826 895 1905 dedit,
917 1847 954 1889 ne
977 1829 1018 1889 illi
1041 1827 1276 1892 succederetur·
1339 1829 1342 1834 '

169 2029 233 2065 cnm
249 2014 286 2065 M.
305 2015 391 2067 Fabio
410 2015 531 2065 Adriano
548 2015 671 2079 graviter
687 2031 736 2080 pe·
811 2013 989 2080 sequebantur]
1004 2032 1030 2066 v.
1042 2016 1076 2066 ad
1086 2017 1158 2068 Hist.
1169 2018 1215 2068 Fr.
1226 2017 1282 2079 111,
1292 2015 1339 2066 88.

171 2094 232 2144 dem
244 2094 418 2154 vulneratum
432 2095 467 2144 ci.
478 2092 596 2158 Appian.
610 2093 733 2145 Mithrid.
810 2099 937 2166 asserentis]
954 2102 1043 2152 Nonio
1053 2108 1165 2154 auctore
1174 2103 1192 2153 l.
1204 2103 1221 2154 l.
1236 2103 1340 2154 dictum

171 2188 196 2222 c·
215 2170 260 2223 88.
285 2173 338 2222 Di0
358 2171 436 2222 08⁸⁵·
456 2171 571 2235 XXXV,
590 2170 616 2222 9.
776 2180 817 2227 est
834 2194 884 2243 pro
902 2180 1058 2232 mercatibus.

204 2249 250 2299 Fr.
276 2247 313 2313 8.]
343 2248 541 2299 Grammaticus
565 2249 618 2298 inc.
640 2247 672 2297 de
690 2263 734 2312 ge·
809 2259 857 2309 Fr.
876 2256 916 2323 9.]
939 2259 1067 2310 Arusian.
1092 2274 1120 2323 p.
1143 2256 1203 2310 231.
1234 2257 1341 2307 lunelli.

169 2326 278 2376 neribut
304 2326 442 2376 nominum
467 2342 494 2391 p·
520 2325 563 2377 58·
590 2325 633 2378 ed.
656 2325 732 2376 Otio-
774 2335 847 2399 gitur
865 2337 897 2387 P.
915 2338 1030 2400 Clodius,
1054 2336 1134 2402 homo
1157 2334 1290 2399 malignus
1311 2340 1341 2385 et

169 2402 309 2468 Capienda
333 2401 460 2453 ridentur
488 2404 573 2454 verba
597 2403 633 2454 de
655 2419 733 2453 cura·
772 2414 937 2478 praecipuus
965 2413 1081 2464 militum
1113 2414 1148 2464 ad
1178 2413 1341 2464 seditionem

168 2483 243 2532 tione
261 2480 381 2531 vulneris
399 2480 569 2532 Mithridatis
586 2498 634 2546 per
651 2499 732 2533 vene·
773 2493 936 2560 instigatum
963 2495 997 2545 cf.
1019 2493 1159 2544 Plutarch.
1179 2493 1208 2542 ln
1231 2494 1339 2546 Lucull.

169 2576 249 2620 num;
269 2560 305 2610 cf.
323 2559 442 2624 Appiam.
461 2560 494 2610 B.
512 2560 606 2610 Mithr.
626 2577 649 2612 c.
669 2562 712 2615 88.
774 2587 797 2621 ο,
818 2571 861 2621 34,
884 2573 937 2622 Dio
956 2571 1033 2622 cass,
1051 2573 1169 2633 xxxv,
1190 2571 1231 2622 14.

201 2647 247 2695 Fr.
257 2644 296 2712 4.]
313 2645 440 2696 Arusian.
452 2661 480 2710 p.
491 2645 551 2696 243.
563 2645 645 2698 Lind.
659 2649 730 2698 Lau·
807 2651 853 2700 Fr.
868 2648 919 2716 to]
940 2649 1081 2700 Plutarch.
1092 2651 1121 2699 in
1131 2648 1244 2699 Lucullo
1259 2664 1284 2700 c.
1293 2646 1339 2700 33.

168 2724 249 2774 datur
264 2725 292 2774 in
303 2723 462 2774 Mithridate
480 2739 545 2774 sene
560 2727 636 2792 vigor
650 2733 731 2793 atque
773 2754 808 2763 —
823 2727 867 2778 cf.
884 2728 938 2778 Dic
957 2728 1035 2779 Cass.
1053 2729 1171 2790 XXXV,
1191 2727 1231 2778 lu.

167 2801 315 2864 sortitud03
336 2802 371 2852 ci.
391 2801 445 2852 Dio
465 2801 542 2854 Cass.
562 2805 675 2872 XXXV,
692 2804 720 2854 c.
806 2807 853 2856 Fr.
881 2805 934 2871 ll.]
960 2805 1050 2857 Schol.
1075 2807 1194 2858 Gronov.
1205 2804 1252 2854 'ad
1276 2803 1336 2856 Cic.

201 2889 249 2939 Fr.
267 2885 305 2952 5.]
326 2887 428 2936 Donat.
447 2885 483 2935 ad
505 2888 566 2939 Ter.
592 2889 663 2941 Eun.
682 2889 730 2951 IV,
773 2897 800 2945 P·
824 2881 842 2933 l·
866 2882 942 2934 Man.
969 2885 1018 2945 10,
1047 2883 1089 2934 28.
1114 2900 1141 2948 p.
1164 2883 1226 2933 441.
1252 2881 1338 2932 Orell.

167 2968 200 3030 7,
227 2967 270 3018 14,
293 2966 403 3030 Fragm.
428 2963 480 3015 hoc
505 2966 617 3031 cognati
635 2979 730 3016 sensus
775 2959 862 3019 Quum
880 2961 984 3009 Romae
1006 2961 1114 3011 Luculli
1138 2959 1290 3010 adversarii
1308 2959 1340 3008 in

168 3051 210 3096 052
229 3025 290 3096 ρῃῃῖ
306 3042 455 3106 superiore,
773 3037 863 3102 iisque
879 3038 911 3088 L.
932 3039 1061 3101 Quintius
1080 3037 1128 3104 (ci.
1146 3038 1219 3088 Plut.
1239 3039 1267 3087 in
1282 3038 1342 3088 Lu-

200 3125 247 3173 Fr.
265 3119 304 3186 o]
326 3120 431 3170 Seneca
450 3119 565 3180 Quaest.
583 3119 648 3167 Nat.
667 3116 730 3178 VII,
774 3113 838 3164 cull.
854 3133 878 3166 c.
894 3114 949 3183 33.)
962 3123 1094 3182 perpetuo
1110 3117 1269 3180 clamarent,
1287 3117 1349 3176 alii.

167 3201 192 3253 8.
216 3202 258 3250 De
279 3198 307 3247 vi
325 3197 463 3246 turbinum
486 3196 555 3245 dixit
574 3194 730 3256 Sallustius,
773 3191 872 3242 bellum
885 3193 1099 3246 Mithridaticum
1119 3193 1338 3244 demandandum

167 3293 249 3344 quum
266 3275 393 3340 exposuit
409 3273 442 3323 de
460 3288 553 3337 pugna
563 3272 730 3324 Mithridatis
775 3285 847 3334 esse,
867 3271 997 3342 Lucullus
1014 3275 1103 3338 pretio
1118 3272 1259 3333 Quintium
1277 3286 1339 3336 per-

167 3359 195 3405 et
209 3352 311 3403 Triarii
329 3352 364 3400 ad
380 3349 501 3399 Comana
517 3350 676 3412 commissa3
693 3350 729 3400 cf.
774 3363 882 3399 movere
902 3350 1040 3400 studuisse
1063 3350 1183 3412 videtur,
1204 3354 1234 3400 ut
1254 3366 1270 3399 a
1289 3366 1338 3414 po-

166 3428 285 3495 Appian.
303 3428 336 3478 B.
354 3426 450 3477 Mithr.
470 3442 493 3475 c.
514 3425 558 3477 88.
773 3425 900 3476 stulando
931 3443 1089 3479 successore
1118 3429 1171 3479 sibi
1201 3429 1337 3479 mittendo

201 3507 247 3557 Fr.
261 3502 298 3570 7.]
319 3502 447 3553 Arusian.
463 3519 488 3567 p.
503 3503 563 3554 216.
576 3502 657 3555 Lind.
671 3503 730 3554 Iicae
773 3503 928 3556 absisteret.

166 3585 275 3638 videtur
292 3579 476 3632 Mithridates.
804 3581 856 3650 siin]
870 3584 1032 3634 Accnratius
1045 3581 1188 3632 dicendum
1201 3589 1259 3634 erat
1274 3586 1338 3641 att:

201 3665 278 3728 Quae
294 3660 620 3724 sequunturFragmenta
633 3657 729 3720 8-14,
772 3660 819 3711 scd
841 3661 1004 3713 secundaria
1030 3661 1198 3725 enunciatio,
1227 3665 1336 3729 proprie

77 3785 83 3798 .
165 3743 291 3810 spectant
315 3737 405 3789 omniu
424 3742 482 3790 tum
506 3738 541 3788 ad
568 3737 729 3788 seditionem
773 3755 806 3788 ex
823 3739 930 3790 Luculli
948 3741 1038 3790 mente
1056 3753 1201 3803 suspensa,
1222 3739 1256 3789 ab
1273 3741 1334 3804 ipso

167 3822 301 3874 exercitus
321 3816 491 3878 Luculliani,
511 3821 568 3867 tum
587 3817 622 3868 ad
641 3817 730 3867 inimi·
772 3821 884 3867 auctore
901 3817 992 3881 posita
1008 3819 1063 3877 est3
1082 3816 1117 3866 cl.
1138 3816 1199 3881 Ing.
1218 3815 1265 3879 96,
1283 3818 1308 3866 2.

164 3905 294 3955 micorum
313 3894 421 3946 Luculli
438 3896 663 3946 machinationes.
776 3910 780 3916 ’
805 3903 851 3952 Fr.
872 3898 926 3965 ta]
951 3899 1083 3950 Priscian.
1107 3901 1217 3965 XVIII,
1239 3903 1269 3966 4,
1287 3901 1332 3952 rt.

199 3982 291 4050 Fr.8.]
302 3984 372 4034 Non.
382 3982 421 4043 II,
432 3980 492 4033 533.
502 3997 529 4046 p.
540 3982 597 4046 138,
609 3981 635 4032 9.
645 3982 730 4031 Merc.
771 3996 798 4044 p.
821 3979 879 4030 123.
898 3978 945 4028 Kr.
972 3977 1070 4042 Agitur
1095 3976 1127 4028 de
1151 3979 1267 4030 Lucullo
1285 3994 1334 4028 an·

163 4063 262 4128 Agitur
275 4063 308 4111 de
319 4057 480 4121 Valerianis,
491 4059 603 4122 imperio
613 4063 640 4109 et
650 4057 730 4108 disci·
769 4056 864 4107 xilinm
882 4071 899 4104 a
926 4055 959 4116 Q.
982 4055 1087 4104 Marcio
1110 4056 1185 4120 Rege
1206 4059 1332 4121 petente;

165 4139 241 4202 plina
251 4137 363 4189 militari
372 4135 513 4198 exsolutis,
531 4139 558 4186 et
568 4136 596 4184 in
605 4135 671 4186 urbe
682 4135 732 4186 Ni·
771 4136 807 4186 ci.
830 4135 884 4185 Dic
909 4133 986 4184 (lass.
1011 4133 1128 4199 XXXV,
1155 4135 1196 4186 15.
1214 4134 1332 4200 Appian.
1420 4186 1426 4196 ,

165 4215 219 4265 sibi
231 4231 279 4280 per
292 4215 375 4266 otium
383 4212 601 4272 luxuriantibus
616 4213 651 4262 cl.
665 4213 727 4263 Liv.
770 4215 802 4264 B.
821 4210 944 4262 Mithrid.
963 4226 988 4262 c.
1007 4210 1050 4262 90.
1222 4279 1224 4284 Ι

164 4289 242 4355 Epit.
259 4291 384 4344 XCVIII.
402 4290 455 4340 Dic
470 4289 548 4340 Caes.
559 4289 669 4354 XXXV,
686 4291 728 4340 14.
804 4291 851 4341 Fr.
878 4287 931 4355 13]
957 4289 1085 4338 Arusian.
1110 4303 1137 4352 p.
1163 4289 1224 4342 244.
1249 4288 1334 4340 Lind.
