3028 4852
219 229 259 290 30
676 239 934 289 aasuunnruu.

291 395 332 447 18.
371 396 459 458 Quum
482 395 537 447 iarn
557 410 628 446 anno
653 399 717 446 ante
739 395 859 448 Catilina
883 414 943 449 curn
967 400 998 450 P.
1020 399 1153 451 Autronio
1177 405 1205 452 et
1223 402 1272 454 Cn.
1291 403 1403 454 Pisone

220 484 390 534 coniurasset
408 487 504 533 contra
520 483 731 548 rempublicam,
750 499 783 534 ea
800 498 843 533 res
861 487 986 534 eventum
1004 501 1059 535 non
1076 485 1181 538 habuit.

293 569 334 622 19.
370 570 435 621 Piso
455 569 483 619 in
500 570 637 634 Hispania
656 571 773 622 occisus.

290 741 334 793 20.
371 741 514 793 Catilinae
525 743 614 794 oratio
630 744 659 793 in
677 743 763 808 primo
779 741 980 793 coniuratorum
998 747 1134 794 conventu
1148 743 1331 808 habita,·qua
1347 744 1402 794 do·
1421 773 1424 780 ν

221 834 278 893 cet,
298 833 428 894 qnantum
447 843 480 880 ex
497 829 550 880 fide
568 835 595 880 et
613 830 714 880 virtute
731 829 866 879 sociorum
883 833 987 894 speret,
1007 834 1035 880 et
1055 845 1135 897 quam
1155 830 1249 896 iniqua
1269 835 1296 880 et
1314 831 1401 880 mise-

218 915 313 966 rabilia
335 916 456 982 ipsorum
481 915 605 967 condicio
629 916 679 979 sit,
707 931 789 982 quum
813 917 973 982 optimates,
1003 916 1125 968 homines
1149 918 1276 982 pessimi,
1301 919 1400 968 omnia

220 1007 345 1067 teneant,
363 1003 444 1068 ipsis,
461 1002 585 1067 potentia
603 1007 631 1052 et
648 1002 761 1067 imperio
778 1002 959 1069 dignissimis,
977 1003 1045 1053 nihil
1063 1003 1230 1069 reliquerint.
1267 1005 1345 1067 Quae
1363 1009 1400 1054 nt

219 1091 248 1140 vi
266 1090 319 1140 sibi
337 1093 449 1156 parent,
468 1103 513 1139 eos
533 1088 705 1153 exhortatur,
725 1088 820 1139 ducem
837 1103 867 1140 se
883 1089 986 1155 incepti
1001 1091 1152 1154 professus.

292 1176 336 1228 21.
373 1174 522 1226 Consilium
539 1174 735 1226 coniurationis
751 1173 872 1225 Catilina
889 1176 1045 1228 accuratius
1064 1175 1200 1242 proponit.

288 1261 332 1311 22.
368 1261 455 1310 Fama
472 1259 610 1311 hominum
628 1258 662 1310 de
678 1257 726 1310 illo
745 1266 890 1313 conventu.

292 1345 335 1398 23.
372 1344 549 1398 Clandestina
566 1347 769 1398 coniuratorum
787 1347 902 1399 consilia
919 1363 936 1397 α
953 1347 986 1410 Q.
1007 1347 1089 1399 Curio
1106 1361 1153 1412 per
1172 1345 1297 1397 Fulviam
1316 1345 1398 1396 Cice-

220 1432 281 1483 roni
298 1430 458 1496 produntur.

291 1518 334 1567 24.
372 1516 466 1568 Cicero
485 1517 580 1568 consul
599 1517 639 1568 fit.
679 1517 739 1580 Qua
757 1534 786 1568 re
805 1524 954 1570 commotus
973 1517 1092 1570 Catilina
1110 1533 1186 1569 arma
1204 1518 1326 1583 apertius
1346 1535 1397 1583 pa-

220 1609 279 1668 rat,
298 1603 483 1669 plurimosque
501 1604 590 1655 socios
608 1603 662 1654 sibi
679 1591 805 1668 asciscit,
825 1606 908 1656 etiam
924 1604 1060 1656 mulieres.

291 1690 334 1741 25.
372 1689 560 1754 Semproniae,
577 1689 697 1740 mulieris
715 1691 855 1756 ingeniose
873 1707 1003 1757 nequam,
1023 1707 1111 1743 mores
1130 1696 1157 1742 et
1175 1691 1323 1757 ingenium.

290 1777 332 1830 26.
370 1775 489 1827 Catilina
507 1776 609 1826 frustra
630 1774 800 1850 consulatum
823 1778 893 1842 petit
910 1778 939 1827 in
956 1793 1056 1830 annum
1073 1777 1107 1828 62
1125 1793 1152 1830 α.
1172 1777 1234 1829 Chr.
1251 1793 1279 1830 n.
1323 1778 1397 1828 Insi-

220 1863 273 1916 diis
292 1864 416 1916 Ciceroni
433 1864 535 1915 iruatra
553 1864 635 1915 iactis
653 1868 747 1929 aperte
764 1861 864 1915 bellum
881 1867 970 1928 parat.

290 1952 334 2002 27.
369 1949 459 2001 Multa
475 1949 511 2001 ad
531 1951 560 2001 id
579 1955 636 2000 tum
653 1950 682 2001 in
697 1951 823 2013 Etruria,
844 1965 910 2015 agro
922 1950 1024 2001 Piceno
1041 1953 1070 2000 et
1082 1949 1191 2016 Apulia,
1211 1955 1269 2002 ium
1286 1951 1395 2002 Romae

220 2036 345 2100 molitus,
366 2040 529 2088 conventum
547 2035 750 2086 coniuratorum
767 2035 850 2086 habet
870 2035 943 2102 apud
957 2037 996 2090 M.
1014 2035 1141 2087 Porcium
1159 2037 1286 2087 Laecam.

289 2123 333 2174 28.
372 2122 510 2174 Ciceronis
527 2121 707 2172 interficiendi
725 2127 838 2173 conatus
858 2120 958 2172 elusus.
993 2123 1106 2173 Etruria
1122 2138 1171 2188 per
1187 2123 1320 2174 Manlium
1338 2123 1396 2172 aol-

217 2209 335 2260 licitata.
679 2201 682 2209 ’

291 2295 334 2347 29.
371 2293 467 2344 Cicero
490 2301 546 2343 rem
564 2294 600 2344 ad
617 2299 742 2346 senatum
758 2295 855 2356 refert,
881 2293 928 2358 qui
944 2294 1065 2346 decrevit
1084 2294 1180 2345 darent
1198 2309 1306 2360 operam
1327 2309 1395 2344 con-

221 2382 307 2446 sules,
327 2396 362 2430 ne
380 2368 445 2445 quid
462 2379 617 2445 respublica
635 2381 790 2432 detrimenti
809 2383 928 2444 caperet.

292 2466 338 2520 30:
372 2465 509 2518 Gliseente
532 2465 651 2531 periculo
674 2471 785 2517 senatus
803 2467 935 2518 Marcium
952 2467 1068 2532 Regem,
1093 2469 1126 2530 Q.
1145 2466 1285 2522 Metellum
1304 2467 1394 2517 Creti-

222 2569 297 2616 cum,
318 2553 350 2614 Q.
367 2553 462 2616 Pomp.
480 2553 594 2616 Rulum,
613 2551 645 2614 Q.
661 2550 801 2604 Metellum
819 2553 939 2604 Celerem
954 2555 983 2602 in
999 2554 1090 2604 varias
1105 2554 1201 2605 Italiae
1219 2559 1311 2620 partes
1330 2555 1394 2604 mit-

220 2642 269 2704 tit,
288 2639 335 2705 qui
352 2639 499 2690 exercitum
517 2644 713 2704 compararent.
750 2640 888 2691 Indioibus
905 2639 939 2691 de
957 2641 1144 2690 coniuratione
1161 2641 1282 2704 praemia
1299 2641 1393 2691 decer-

220 2729 330 2781 nuntur.

290 2811 334 2863 31.
369 2810 471 2876 Ingens
494 2809 522 2859 in
540 2810 606 2861 urbe
629 2809 785 2876 trepidatio.
823 2810 918 2861 Cicero
941 2811 969 2860 in
987 2815 1084 2862 senatu
1106 2811 1221 2877 primam
1239 2811 1389 2862 orationem

221 2901 250 2950 in
268 2897 415 2950 Catilinam
433 2895 529 2960 habet,
548 2897 593 2946 cui
611 2895 731 2948 Catilina
748 2897 876 2948 ferociter
893 2896 1052 2961 respondet,

291 2984 334 3036 32.
371 2999 404 3034 ac
421 2983 543 3048 proxima
561 2988 643 3036 nocte
660 2984 727 3034 urbe
744 2981 841 3034 relicta
857 2982 885 3032 in
901 2981 1039 3032 Etruriam
1058 2997 1088 3032 se
1106 2983 1221 3034 confert.
1491 3049 1492 3056 ἵ

290 3071 335 3124 33.
371 3069 489 3121 Manlius
512 3086 561 3136 per
577 3069 684 3136 legatos
709 3083 739 3122 se
757 3083 874 3134 auosque
896 3067 968 3134 apud
984 3068 1117 3120 Marcium
1134 3070 1236 3134 Regem
1254 3068 1287 3119 de
1306 3069 1389 3119 armis
1491 3067 1492 3142 l

221 3157 309 3222 captis
326 3171 443 3221 purgare
460 3156 562 3209 studet.

291 3240 335 3292 34.
372 3240 522 3303 Q-Marcii
539 3253 708 3306 responsum.
725 3267 761 3278 -·-
784 3235 903 3288 Catilina
919 3237 1004 3290 falsos
1024 3237 1057 3289 de
1075 3239 1189 3290 consilio
1210 3253 1259 3301 ¹suo
1278 3238 1389 3289 nuntios

218 3327 334 3392 spargit.
396 3359 405 3374 .

291 3411 335 3464 35.
370 3410 437 3464 Eius
456 3408 569 3460 fallaces
586 3408 622 3459 ad
640 3410 674 3472 Q.
691 3407 817 3460 Catulum
833 3406 950 3460 litterae.

291 3495 336 3548 36.
371 3497 435 3562 Ipse
453 3500 480 3546 et
497 3494 615 3546 Manlius
633 3495 726 3546 hostes
744 3494 908 3548 iudicantur.

289 3667 431 3734 Digressio
448 3666 482 3720 de
498 3667 596 3720 misero
608 3666 656 3718 illa
667 3671 830 3734 tempestate
845 3653 1011 3734 reipublicae
1027 3669 1111 3718 statu.
1132 3681 1156 3717 o.
1166 3664 1209 3729 36,
1223 3668 1249 3717 4.
1260 3692 1295 3702 -
1305 3663 1348 3728 39,
1360 3666 1386 3715 5.

289 3754 333 3806 37.
370 3753 454 3806 Varia
468 3768 569 3820 genera
585 3755 751 3820 perditorum
767 3755 880 3816 civium,
899 3753 1038 3804 turbarum
1055 3752 1084 3800 in
1101 3749 1222 3816 plurimis
1242 3750 1387 3816 cupiditas.

291 3838 334 3891 38.
369 3839 438 3896 Eius
456 3849 571 3892 caussae
594 3840 704 3894 fuerunt
721 3845 778 3892 tum
800 3840 969 3906 perniciosae
992 3839 1111 3904 partium
1129 3837 1162 3887 de
1184 3837 1307 3901 potentia
1325 3852 1388 3887 con-

220 3927 370 3989 tentiones,
389 3925 505 3977 tribunis
522 3925 628 3992 plebem
645 3927 861 3994 exagitantibus,
880 3932 938 3977 tum

289 4011 334 4064 33.
371 4012 496 4062 insecuta
512 4026 659 4077 pancorum
672 4013 810 4078 potentia,
827 4017 859 4064 ut
874 4028 907 4063 ex
921 3997 1035 4062 irritatis
1050 4007 1136 4074 plebis
1148 4005 1245 4057 animia
1260 4019 1386 4072 magnum

220 4097 328 4150 civitati
343 4094 492 4164 pericnlum
509 4097 669 4151 immineret.
775 4085 780 4096 ⁹

289 4265 422 4318 Lentulus
442 4279 513 4317 nova
531 4265 727 4318 coniurationis
745 4267 848 4317 auxilia
865 4270 955 4331 parat.
