3024 4852
213 277 273 340 138
618 285 649 334 c.
673 285 842 336 snnncsrr
866 285 979 334 cnrsrr

210 455 311 524 patres
337 443 516 522 conscripti,
545 445 681 523 quoniam
709 462 746 506 eo
776 444 956 505 miseriarum
984 454 1128 506 venturus
1150 465 1246 524 eram,
1278 448 1403 508 vellem

212 557 309 636 potius
337 554 375 615 ob
397 572 461 614 mea
485 573 569 634 qoam
596 557 634 616 ob
657 557 796 616 maiorum
825 573 956 616 meorum
977 555 1122 618 beneficia
1147 575 1238 636 posse
1259 577 1277 618 a
1300 557 1403 618 vobis

210 666 347 729 auxilium
372 673 493 746 petere,
523 685 560 726 ac
588 685 721 727 maxume
749 665 851 726 deberi
877 667 945 727 mibi
971 665 1114 728 beneficia
1140 687 1157 729 a
1185 668 1300 748 populo
1330 670 1401 730 Ro-

210 795 312 855 mano,
334 775 439 856 quibus
458 794 516 837 non
539 795 676 856 egerem;
701 774 858 838 secundum
882 795 931 853 ea,
961 778 985 836 si
1010 776 1201 838 desideranda
1224 787 1328 856 erant,
1355 781 1400 840 uti

210 887 314 948 debitis
344 896 453 949 uterer.
499 888 558 950 Sed
583 889 717 966 qnoniam
739 905 838 966 parum
859 895 918 947 tuta
948 904 1002 966 per
1025 905 1058 946 se
1086 889 1150 968 ipsa
1173 890 1306 969 probitas
1333 901 1428 968 est,t

209 1019 305 1079 neque
333 1001 401 1062 mibi
427 1003 455 1061 in
479 1017 563 1060 mann
590 999 658 1076 fnit,
689 996 829 1076 Iugurtha
857 981 952 1078 qualis
978 998 1074 1075 foret,
1102 998 1145 1078 ad¹
1165 1019 1221 1062 vos
1250 1001 1395 1079 coniugi,

210 1120 308 1190 patres
331 1112 506 1190 conscripti,
536 1108 655 1188 quihus,
686 1109 764 1188 quod
784 1109 852 1168 mihi
877 1108 1076 1170 miserrumum
1098 1118 1156 1189 est,
1188 1128 1284 1188 cogor
1303 1113 1396 1190 prins

208 1223 290 1282 oneri
310 1241 395 1301 qnam
420 1223 483 1282 usui
508 1239 585 1281 esse.
631 1218 728 1280 Ceteri
751 1237 841 1295 reges
864 1226 911 1278 aut
937 1217 1018 1278 bello
1043 1221 1112 1280 victi
1141 1222 1169 1280 in
1191 1221 1350 1282 amicitiam
1377 1233 1427 1284 aa

210 1331 296 1392 vobis
318 1333 432 1410 recepti
455 1340 533 1408 sunt,
557 1341 605 1392 aut
627 1333 655 1390 in
678 1330 738 1414 suis
759 1327 853 1390 dubiis
875 1326 964 1388 rebus
987 1329 1158 1391 societatem
1181 1341 1312 1392 vostram
1334 1351 1395 1412 ap·

211 1442 393 1520 petiverunt;
417 1441 524 1502 familia
538 1441 646 1502 'nostra
670 1459 733 1501 cum
757 1438 868 1519 populo
890 1439 1022 1498 Romano
1046 1437 1126 1501 bello
1149 1439 1394 1519 Carthaginiensi

208 1549 364 1612 amicitiam
386 1551 519 1628 instituit,
552 1568 609 1630 qno
632 1559 766 1631 tempore
788 1551 882 1629 magis
905 1550 977 1610 fides
1000 1553 1062 1611 eins
1091 1570 1175 1631 quam
1196 1554 1314 1614 fortuna
1333 1572 1393 1632 pe·

208 1659 295 1721 tenda
317 1671 389 1722 erat.
435 1663 564 1736 Quorum
587 1663 759 1741 progeniem
786 1678 856 1738 vos,
884 1668 984 1740 patres
1007 1663 1181 1742 conscripti,
1209 1663 1301 1724 nolite
1325 1665 1422 1742 petit

208 1789 269 1850 me,
299 1745 437 1852 nepotem
458 1750 648 1849 Masinissae,
678 1773 786 1832 frustra
814 1770 938 1831 anobis
964 1772 1101 1833 auxilium
1128 1783 1240 1853 petere.
1284 1772 1318 1832 st
1345 1773 1419 1832 adt

209 1883 417 1962 impetrandum
446 1883 516 1944 nibil
543 1901 665 1948 caussae
699 1879 839 1942 haberem
865 1889 982 1960 praeter
1012 1883 1202 1944 miserandam
1228 1884 1391 1961 fortunam,

210 1994 289 2072 quod
309 1994 397 2074 panio
419 2003 485 2054 ante
507 2012 561 2054 rex
579 2010 705 2070 genere,
727 1991 802 2051 tana
823 1999 910 2069 atque
930 1994 1025 2072 copiis
1045 2002 1165 2074 potens,
1188 2013 1263 2054 nnnc
1284 1993 1391 2054 detor·

208 2114 300 2164 matus
323 2106 483 2182 aerumnis,
506 2105 609 2184 inops,
634 2103 745 2165 alienas
768 2119 842 2180 opes
864 2113 1023 2183 exspecto,
1050 2113 1145 2164 tamen
1165 2113 1230 2164 erat
1248 2105 1390 2166 maiesta-

207 2213 244 2273 tis
264 2215 387 2274 anani
407 2214 510 2294 populi
529 2214 688 2294 probibere
708 2213 854 2290 iniuriam,
874 2231 970 2292 neque
991 2216 1049 2293 pati
1071 2215 1239 2293 cuiusquam
1259 2233 1389 2292 regnum
1474 2261 1478 2274 .

208 2315 262 2399 p'er
286 2323 384 2401 scelus
408 2342 555 2384 crescere.
600 2327 709 2386 Verum
733 2341 791 2400 ego
814 2323 849 2384 iis
872 2323 976 2384 tinibus
997 2327 1108 2386 eiectus
1128 2343 1204 2405 sum,
1228 2343 1302 2406 qnos
1324 2336 1418 2386 ma·8

241 2505 266 2555 3.
283 2510 399 2571 'quoniam
419 2537 454 2545 —-
472 2519 589 2564 centum
606 2507 685 2574 erant]
710 2509 729 2560 i.
748 2525 771 2561 e.
814 2509 948 2575 ploraret,
971 2511 1053 2564 simul
1079 2515 1226 2565 ostendens
1248 2513 1307 2562 sine
1331 2527 1387 2563 sua

208 2586 335 2650 quoniam
363 2586 392 2637 in
423 2587 489 2640 satis
516 2591 598 2656 Jerat,
633 2594 664 2638 ιιι
697 2589 772 2638 veni·
814 2589 894 2654 calpe
911 2590 940 2640 id
958 2591 1026 2642 fieri.

133 2679 135 2684 ·
207 2679 272 2714 rem.
848 2691 927 2740 neque
945 2677 1003 2727 mibi
1019 2679 1148 2743 -qoolis
1160 2675 1240 2742 soret]
1260 2676 1280 2726 i.
1294 2690 1317 2725 e.
1335 2692 1384 2726 ne·
1482 2713 1483 2776 ,

241 2771 274 2806 oc
290 2754 415 2822 ηιαιιιιιιιι]
441 2773 479 2810 sc.
502 2756 608 2809 vellem.
633 2786 669 2796 —
692 2756 771 2820 Quod
812 2769 864 2818 que
881 2753 955 2805 valui
978 2756 1137 2821 Iugurtham
1159 2754 1243 2807 telem
1261 2753 1382 2817 efficere,

206 2835 288 2884 antea
302 2838 446 2900 optaverat
459 2835 608 2898 Adherbal,
628 2840 659 2886 ut
677 2841 773 2886 mmet
813 2830 920 2896 qualem
932 2832 982 2896 (se.
995 2834 1024 2882 in
1032 2832 1085 2899 me)
1099 2849 1159 2885 esse
1172 2833 1329 2898 oportebat;
1342 2832 1380 2882 of.

203 2914 284 2976 ipsius
308 2918 397 2964 mordeo
424 2921 556 2980 exstarent
584 2915 614 2963 in
642 2912 771 2979 populum
812 2908 886 2958 infre
904 2908 929 2971 ἐ.
950 2911 991 2962 13.
1010 2910 1053 2973 31,
1071 2912 1096 2961 5.
1114 2912 1177 2962 Ter.
1195 2912 1264 2961 Hac.
1284 2910 1332 2973 IV,
1352 2912 1378 2972 4,

205 2991 297 3054 Rom,
318 2990 346 3040 id
364 2992 405 3041 ita
422 2992 546 3058 corrigit,
570 2996 601 3041 ut
620 2993 673 3042 sibi
689 2990 770 3056 longe
812 2989 855 3038 44.
883 2989 958 3039 Umor
982 2990 1043 3055 qaid
1061 2991 1156 3053 sociat,
1183 2992 1210 3039 ia
1235 3005 1308 3039 marra
1329 3005 1379 3038 non

205 3068 440 3134 exoptatissimum
459 3085 519 3120 esse
536 3069 624 3132 dicet,
649 3070 673 3119 si
689 3070 770 3120 bene·
813 3071 853 3114 est
868 3081 930 3118 ntea.
960 3066 1057 3118 Id.ib.
1077 3067 1187 3132 111‚5,
1209 3068 1253 3120 43.
1280 3067 1336 3118 Tibi
1353 3071 1378 3117 in

204 3145 274 3196 ficiis
300 3148 498 3210 Romanorum,
524 3163 572 3212 pro
598 3148 695 3198 merito
720 3163 770 3198 suo
810 3159 884 3192 uranu
903 3153 954 3209 est,
972 3162 1004 3195 ne
1017 3148 1074 3208 siat.
1481 3199 1482 3212 ,

204 3223 257 3272 sibi
272 3223 436 3286 tribuendis,
455 3223 602 3288 planenon
616 3229 708 3289 egeat3
728 3225 771 3275 sin
845 3231 903 3279 omui
928 3228 995 3296 ecee]
1025 3233 1067 3281 Ex
1094 3246 1185 3297 sopor,
1212 3230 1284 3282 ande
1309 3231 1378 3284 haec

204 3313 270 3347 vero
289 3303 382 3363 egeat,
400 3304 431 3352 ut
448 3300 546 3350 saltem
559 3300 660 3354 auxilio
673 3302 770 3351 Roma·
810 3306 896 3356 verba
921 3307 1053 3372 pendent,
1082 3324 1129 3373 per
1156 3323 1271 3374 neugma
1300 3324 1376 3360 assu-

204 3390 300 3424 norum
323 3381 355 3426 ut
379 3377 471 3427 debito
493 3376 547 3427 sibi
571 3376 703 3427 beneflcio
728 3380 770 3429 uti
810 3383 936 3434 mendum
955 3388 997 3434 est
1010 3401 1126 3449 porrum·
1144 3385 1180 3438 cf.
1200 3381 1268 3436 Oet?
1281 3386 1326 3448 17,
1346 3391 1372 3439 2.

204 3452 302 3516 potor.
809 3461 869 3525 ιιι.
889 3461 937 3524 ns,
960 3462 985 3513 ι.
1013 3461 1062 3526 ιιι,
1086 3460 1187 3532 aaa,
1207 3462 1232 3513 1.
1259 3461 1308 3523 se,
1329 3463 1375 3514 as.
1453 3443 1461 3462 '

237 3545 435 3612 recunduntor]
464 3547 482 3597 i.
502 3560 525 3595 e.
546 3547 662 3607 proxime
686 3543 769 3611 (dem-
810 3538 859 3602 92,
878 3542 904 3590 2·
1060 3563 1063 3568 ·

203 3622 325 3689 naim),
344 3640 382 3675 ⁵⁰·
400 3623 478 3673 istim
496 3621 585 3686 Ρῑῗθῐθ
604 3625 712 3686 Optato}
731 3626 769 3677 cf·
844 3630 869 3680 5.
886 3630 996 3692 petenda
1012 3625 1081 3692 erat]
1100 3629 1118 3680 i.
1138 3642 1161 3677 e.
1182 3642 1235 3692 qno
1253 3631 1375 3692 tempore

203 3700 259 3750 (iic.
278 3701 307 3750 in
324 3702 387 3754 Vat.
406 3700 438 3764 6,
467 3699 507 3752 15.
533 3697 708 3750 Secundum
731 3703 767 3749 ed
807 3705 871 3756 telis
885 3710 943 3756 erat
954 3704 1048 3770 populi
1060 3706 1137 3756 Rom.
1151 3704 1284 3766 condicio,
1297 3705 1374 3755 nnius

200 3794 311 3850 quaero,
330 3781 475 3832 corporisne
492 3779 519 3828 io
537 3791 566 3827 eo
578 3778 662 3840 fldem,
688 3776 766 3829 Caes.
807 3782 887 3834 fidem
906 3782 1027 3850 quidem,
1046 3782 1095 3832 sed
1108 3797 1162 3832 non
1176 3781 1313 3834 fortunam
1328 3799 1374 3850 pe-

199 3859 231 3909 B.
251 3859 283 3910 G.
301 3859 329 3922 Ι,
354 3858 401 3922 33,
427 3861 452 3910 2.
476 3857 534 3906 Hac
552 3859 666 3908 oratione
682 3857 769 3907 barbita
808 3863 893 3921 teres3
910 3876 936 3910 v.
954 3859 990 3910 ad
1008 3859 1067 3910 Cat.
1090 3859 1135 3922 10,
1156 3860 1180 3908 2.

195 3940 322 3992 conditum
347 3939 451 4000 ἀίιιιίιίι,
485 3943 511 3986 et
533 3937 705 3988 sectandum
731 3952 768 3986 ea
844 3956 868 4006 7·
904 3952 1068 4019 Momm]
1103 3954 1258 4018 Defomare
1291 3969 1373 4019 quum

201 4019 294 4066 multae
310 4031 354 4066 ²¹⁶⁸
370 4030 423 4066 ⁶⁸2¹
439 4012 614 4066 mabam·
806 4032 916 4096 proprie
933 4031 970 4083 sit
986 4031 1014 4079 in
1027 4030 1133 4080 tristem
1145 4035 1286 4096 aspectum
1302 4046 1373 4082 com-

233 4109 260 4158 4.
285 4107 340 4158 Sed
362 4109 476 4174 quoniam
502 4105 567 4172 ste]
595 4107 647 4158 Hit
674 4105 766 4158 verbis
808 4114 922 4170 mutare,
938 4107 1072 4158 translate
1087 4106 1233 4160 diciturde
1246 4108 1289 4171 iis,
1303 4123 1372 4174 quae

202 4183 319 4234 Adherb.
339 4184 491 4250 regreditur
516 4183 552 4234 nd
574 4199 647 4247 eam,
677 4198 766 4248 quam,
808 4201 841 4237 ex
860 4186 995 4252 dignitate
1013 4185 1041 4233 in
1059 4186 1184 4236 miseram
1203 4187 1373 4252 atqueinbo-

203 4264 267 4312 ante
283 4259 362 4310 illato
379 4267 475 4326 optata
493 4277 557 4324 sue,
576 4277 689 4313 exorsus
708 4264 768 4311 erat
807 4267 914 4314 nestam
925 4261 1114 4316 condicionem
1123 4263 1317 4326 confinientem
1335 4266 1373 4319 ci.

202 4336 379 4398 sententiam,
398 4341 429 4385 ut
446 4335 577 4386 auxilium
595 4338 768 4399 senetnsim-
809 4339 866 4390 Cic.
893 4356 920 4404 p.
945 4338 1012 4390 snit.
1032 4339 1080 4406 26,
1097 4338 1139 4390 73.
1164 4341 1230 4402 Quid
1251 4345 1371 4415 rglt'qnam
