3028 4852
203 257 242 318 lo
573 266 849 318 snonneonnna.
892 269 969 317 cnr.
990 269 1014 317 1.

201 435 317 488 utuntur
345 427 380 488 ad
403 427 506 488 lamam
530 424 658 486 Sallustii
681 424 929 505 labefactandam,
958 427 1090 506 videant,
1119 446 1156 488 ne
1183 446 1243 488 rem
1273 445 1377 506 parurn

202 545 382 618 compertam
412 536 567 598 levissimis
592 536 787 614 argumentis,
817 556 892 622 quae
916 540 1024 600 nullam
1053 540 1111 600 vim
1140 539 1175 600 ad
1197 537 1377 618 persuaden-

201 649 266 709 dum
289 649 413 728 babent,
437 647 564 729 probare
587 655 737 707 conentur.
779 648 852 708 Nam
874 667 960 728 quum
979 650 1111 711 Lenaeus
1134 659 1163 710 et
1183 649 1375 710 declamatio·

201 778 267 820 num
286 769 388 820 auctor
410 779 465 840 per
487 778 519 818 se
543 759 620 818 omni
641 757 697 818 lide
721 758 926 837 destituantur,
955 780 1030 841 quae
1052 761 1094 822 illi
1123 761 1170 821 vel
1186 760 1377 838 ‘mali-gnitate

200 872 311 948 ingenii
338 871 386 931 vel
414 870 512 932 iudicii
540 870 734 948 perversitate
763 871 873 930 mentiti
895 881 976 950 sunt,
1006 889 1065 932 non
1095 873 1319 946 varimadum,
1348 869 1377 928 si

202 991 271 1062 post
294 982 404 1061 aliquot
428 981 528 1042 secula
552 979 587 1040 ab
609 979 673 1040 allis
696 979 810 1060 prolata
832 1000 944 1042 rursum
967 975 1146 1060 ingeruntur.

285 1093 324 1153 m
352 1093 408 1154 alia
443 1100 508 1152 sunt
543 1109 638 1169 eaque
670 1091 760 1154 multo
790 1098 915 1154 certiora
951 1102 1038 1173 atque
1070 1094 1223 1171 graviora,
1258 1089 1377 1171 quibus,

204 1223 290 1284 quarn
313 1204 459 1282 llagitiosa
482 1202 570 1262 luerit
593 1201 723 1262 Sallustii
747 1201 822 1279 vita,
850 1203 1079 1281 demonstretur,
1108 1204 1278 1265 adulterium
1308 1219 1376 1261 cnm

200 1315 323 1392 Fausta,
347 1314 464 1376 Milonis
486 1329 596 1390 uxore,
618 1313 826 1391 commissum,
856 1323 885 1374 et
908 1314 1009 1374 Africa
1032 1315 1182 1394 provincia
1203 1313 1292 1374 ioede
1321 1331 1375 1373 ex-

201 1425 303 1506 pilata.
349 1425 431 1500 Quae
454 1442 520 1484 num
546 1433 602 1484 tam
625 1421 778 1503 explorata
807 1425 877 1502 sint,
906 1443 991 1503 quarn
1015 1425 1148 1485 videntur
1170 1433 1200 1489 et
1227 1433 1375 1504 putantur,

200 1537 366 1598 accuratius
389 1536 584 1614 quaerendum
607 1546 673 1604 est.¹
705 1536 764 1596 lam
785 1535 821 1595 de
838 1534 943 1596 Fausta
967 1535 1045 1614 quod
1068 1544 1214 1613 narratur,
1241 1543 1297 1595 tam
1321 1533 1374 1594 du·

200 1645 279 1708 bium
298 1655 343 1707 est
366 1654 468 1725 totque
489 1647 577 1708 rebus
597 1639 672 1708 inter
698 1665 730 1706 se
751 1646 980 1726 repugnantibus
998 1645 1165 1724 impeditum
1184 1655 1213 1704 et
1233 1644 1374 1705 obscura-

201 1768 274 1834 tum,
298 1765 404 1818 utnon
427 1766 538 1818 temere
560 1758 601 1819 illi
623 1759 717 1819 lamae
741 1757 813 1817 fides
836 1756 968 1818 habenda
988 1756 1128 1817 videatur.
1172 1757 1246 1817 Rem
1268 1765 1374 1834 aperte

201 1867 286 1930 tradit
309 1867 419 1930 Gellius
448 1868 549 1945 XVll,
582 1869 630 1932 18.
652 1869 698 1929 his
726 1867 841 1928 verbis:
883 1867 925 1928 M.
954 1866 1073 1943 Varro,
1103 1866 1135 1927 in
1157 1866 1257 1928 literis
1279 1871 1375 1945 utque

199 1980 266 2042 cito
287 1977 350 2058 pide
371 1977 460 2042 domo
483 1979 581 2042 muita
608 1987 638 2041 et
664 1978 791 2060 praeis,
826 1977 858 2040 in
885 1979 984 2056 libro,
1012 1997 1100 2059 quem
1125 1977 1254 2055 scripsit
1278 1976 1374 2036 Pius

201 2096 258 2152 aut
277 2089 322 2150 de
341 2107 458 2169 poce,
482 2087 517 2151 0.
538 2088 738 2168 Sallustium,
763 2088 947 2168 scriptorem
963 2089 1067 2151 seriae
1086 2089 1171 2150 illius
1192 2095 1222 2149 et
1242 2105 1374 2148 severae

201 2200 371 2275 orationis,
399 2199 431 2260 in
458 2198 547 2262 euius
569 2199 703 2260 historic
729 2199 871 2261 rectiones
893 2201 1055 2262 censorius
1074 2200 1146 2279 fieri
1167 2206 1259 2278 utque
1281 2215 1370 2258 eser·

201 2310 267 2372 ceri
291 2308 446 2386 ridemus,
479 2310 511 2370 in
535 2309 692 2372 adulterio
721 2310 943 2389 deprehensum
971 2311 1012 2373 ab
1032 2309 1133 2372 Annio
1156 2308 1271 2370 Milone
1293 2308 1374 2369 loris

202 2419 279 2482 bene
301 2437 425 2482 caesum
447 2419 537 2496 dicit,
569 2426 614 2498 et,
645 2439 736 2502 qoam
759 2420 894 2483 dedisset
913 2422 1091 2502 pecuniam,
1124 2419 1292 2481 dimissum.
1336 2417 1371 2477 ln

202 2531 338 2612 promptu
368 2537 413 2590 est
442 2539 536 2590 autern
558 2529 681 2592 Gellium
709 2532 767 2592 boc
796 2532 909 2593 referre
938 2541 968 2592 ut
995 2509 1056 2591 rem
1079 2535 1195 2607 miram,
1226 2529 1371 2589 insolitam

202 2650 232 2704 et
252 2641 337 2702 valde
360 2640 592 2712 memorabilem
616 2643 644 2701 in
666 2659 723 2721 quo
742 2659 802 2702 non
820 2642 1027 2721 negligendum
1048 2652 1092 2703 est
1110 2643 1253 2703 hominem
1274 2661 1370 2701 rerum

200 2754 395 2828 Romanarum
419 2753 641 2812 scientissimum
664 2762 693 2813 et
715 2752 887 2833 saepissime
911 2753 1040 2814 Sallustii
1062 2753 1238 2813 mentionem
1260 2753 1369 2813 lacien-

202 2872 258 2925 tcm
280 2881 420 2944 nusquam
440 2864 476 2924 de
497 2863 560 2924 eins
582 2862 711 2923 moribus
733 2873 763 2924 ut
783 2864 935 2924 dissolutis
954 2883 989 2924 ac
1012 2864 1133 2944 perditis
1152 2863 1266 2930 dicere;
1292 2861 1370 2922 unde

202 2975 357 3051 coniicias,
392 2967 478 3055 quum
503 2975 551 3035 vel
583 2974 733 3052 ignoraret
763 2975 808 3034 vel
837 2973 1037 3055 improbaret,
1071 2993 1145 3054 qnae
1174 2973 1291 3051 maligni
1322 2983 1371 3034 aut

201 3085 290 3165 inepti
312 3085 548 3164 divulgaverant,
577 3102 637 3144 rem
661 3103 698 3145 ex
720 3087 855 3156 Varrone
876 3087 1022 3163 cognitam
1051 3093 1081 3145 ut
1104 3084 1189 3146 valde
1212 3084 1370 3144 notabilem

200 3195 336 3256 Noctium
354 3195 515 3256 Atticarum
536 3196 749 3258 commentariis
771 3196 939 3256 inseruisse.
978 3196 1121 3257 Varronis
1140 3196 1225 3256 idern
1247 3197 1275 3255 in
1294 3196 1369 3256 litte·

201 3305 241 3366 ris
264 3323 348 3366 nemo
373 3304 535 3366 indubium
558 3307 723 3377 vocaverim
754 3307 806 3368 sed
830 3323 915 3386 qurum
939 3323 997 3366 non
1023 3305 1116 3366 solum
1134 3305 1225 3384 ,homo
1252 3305 1369 3383 doetus,

201 3413 253 3477 sed
281 3417 366 3478 etiarn
391 3415 584 3496 Pompeianus
612 3426 692 3478 esset
721 3418 777 3496 (cl.
802 3414 888 3478 Caes.
917 3416 949 3476 Β.
974 3414 1072 3494 tt.11,
1099 3416 1280 3494 17—20.)‚
1309 3433 1368 3476 non

201 3525 372 3588 incredibile
395 3536 454 3605 est,
478 3525 533 3588 sibi
558 3536 723 3607 temperare
746 3545 803 3588 non
828 3527 976 3607 potuisse,
1001 3527 1159 3606 ‘quominus
1180 3525 1367 3588 adversarum

202 3637 324 3715 partium
352 3636 459 3698 homini
487 3637 542 3698 sibi
570 3638 664 3700 inviso
694 3637 834 3700 maculam
864 3637 989 3718 aliquam
1017 3656 1055 3698 ειι
1086 3655 1163 3716 vago
1192 3636 1367 3698 urbanorum

200 3764 316 3808 rumore
340 3747 476 3808 inureret.
520 3747 640 3809 nadivo
664 3749 764 3828 igitur,
797 3749 876 3810 illum
906 3750 933 3808 in
960 3749 1070 3826 llagitio
1093 3747 1307 3827 deprehensum
1338 3757 1368 3808 et

201 3857 272 3918 loris
293 3876 409 3921 caesum
437 3859 560 3940 pecunia
585 3859 651 3919 data
675 3859 821 3922 dimissum
843 3877 920 3920 esse.
966 3860 1059 3935 Quum
1079 3859 1107 3919 id
1122 3860 1240 3936 ‚nonnisi
1261 3859 1367 3920 velex

201 3967 339 4030 Sallustio
361 3969 445 4048 ipso,
472 3969 520 4050 qni
550 3987 653 4031 caesus
683 3970 835 4049 pecuniam
860 3969 994 4046 dederat,
1023 3969 1069 4029 vel
1101 3989 1138 4030 ex
1161 3969 1286 4047 Milone,
1317 3973 1366 4049 qni

201 4079 353 4158 pecuniam
382 4089 555 4160 acceperat,
584 4081 687 4142 resciri
716 4091 832 4160 posset,
860 4115 903 4129 -
932 4099 995 4141 nam
1023 4097 1121 4140 coram
1152 4079 1275 4140 testibus
1304 4099 1366 4141 rem

200 4197 293 4250 aotam
315 4208 383 4251 esse
406 4207 492 4251 nemo
516 4189 621 4252 dixerit
640 4224 700 4269 -,
731 4199 823 4252 utrum
845 4191 1043 4253 incredibilius
1069 4190 1119 4267 sit,
1150 4189 1269 4250 difficile
1288 4190 1365 4252 dictu

201 4307 255 4360 est.
300 4299 350 4360 Sin
373 4301 431 4362 levi
455 4300 593 4362 auditioni
615 4310 703 4381 atque
726 4303 834 4363 rumori
855 4320 917 4363 rem
940 4300 1053 4379 debuit,
1084 4300 1198 4361 scilieet
1220 4302 1365 4364 aestimari
