3028 4852
176 245 217 306 36
580 252 609 299 o.
635 252 802 300 sunuusur
826 253 937 301 onrsrr

176 423 206 473 et
227 412 339 471 formae
369 410 467 488 gloria
495 409 572 469 iluna
602 418 689 487 atque
716 408 831 486 fragilis
859 418 920 484 est,
950 410 1041 468 virtus
1065 409 1143 469 clara
1166 418 1351 488 aeternaque

175 521 308 582 babetur.
354 520 414 582 Sed
437 520 484 581 diu
507 537 642 596 magnum
665 520 739 578 inter
761 519 893 579 mortalis
917 529 1063 580 certamen
1089 521 1160 598 luit,
1189 523 1256 581 vine
1278 523 1382 581 eor-5

178 634 259 713 poris
289 652 325 694 an
353 633 459 692 virtute
488 631 574 690 animi
605 649 654 690 rcs
688 629 821 689 militaris
850 631 944 707 magis
976 630 1163 710 procederet.
1213 632 1284 692 Nam
1316 637 1382 691 et6

178 746 259 825 prius
280 762 364 823 quam
378 743 518 822 incipias,
544 741 694 817 consulto,
720 749 748 800 et
761 738 810 798 ubi
828 741 1026 818 consulueris,
1049 752 1159 803 mature
1176 743 1255 822 iacto
1272 761 1349 822 opus
1372 747 1376 756 '

176 867 232 917 est.
283 855 325 915 lta
351 863 503 931 utrumque
526 870 581 932 per
604 870 637 910 sc
660 851 812 928 indigens,
842 848 964 910 alterum
987 850 1107 912 alterius
1128 853 1236 912 auxilio
1266 862 1382 930 eget.7
1446 881 1453 894 ·

263 963 299 1024 ll.
344 964 437 1042 Igitur
459 963 539 1023 initio
561 979 652 1038 reges
676 963 756 1040 (nam
777 960 911 1019 interris
932 978 1037 1020 nomen
1057 963 1160 1042 imperi
1180 948 1209 1022 id
1226 963 1348 1042 primum

176 1076 262 1154 init),
287 1075 396 1135 divorsi
421 1091 489 1152 pars
511 1071 675 1150 ingenium,
699 1069 747 1129 alii
768 1087 877 1149 corpus
900 1071 1094 1142 exercebant;
1124 1075 1269 1154 etiamtum
1290 1075 1349 1134 vita
1394 1118 1408 1148 ,
1484 1111 1504 1120 υ

145 1243 147 1248 .
178 1186 323 1246 bominum
354 1185 417 1243 sine
455 1183 614 1262 cupiditate
650 1178 827 1258 agitabatur;
863 1199 913 1241 sua
945 1183 1050 1261 cuique
1079 1185 1149 1244 satis
1180 1184 1348 1263 placebant.

178 1298 286 1357 Postea
309 1311 383 1353 vero
406 1311 490 1371 quam
513 1293 541 1351 in
559 1291 632 1350 Asia
648 1289 761 1364 Cyrus,
784 1289 812 1347 in
829 1289 952 1380 Graecia
972 1293 1194 1355 Lacedaemonii
1212 1299 1240 1355 et
1257 1294 1381 1378 Athe-2
1464 1349 1468 1358 ,

178 1408 298 1466 nienscs
328 1421 458 1482 coepere
488 1401 567 1461 urbis
597 1411 684 1479 atque
717 1398 851 1459 nationes
875 1392 1035 1481 subigere,
1071 1405 1227 1465 lubidinem
1258 1405 1349 1494 domi-

177 1516 263 1577 nandi
288 1531 419 1576 caussam
442 1511 512 1572 belli
532 1511 658 1586 babere,
686 1527 845 1569 maxumam
874 1511 997 1588 gloriam
1019 1517 1047 1573 in
1069 1533 1201 1576 maxumo
1224 1516 1349 1594 imperio

180 1635 299 1705 putare,
324 1633 382 1684 tum
404 1624 517 1683 demum
541 1617 673 1716 periculo
695 1627 781 1696 atque
798 1624 924 1698 negotiis
942 1635 1121 1705 compertum
1138 1636 1199 1702 est,
1224 1627 1251 1684 in
1267 1605 1349 1685 bello

178 1814 219 1864 17.
250 1812 304 1862 Aut
333 1813 462 1878 quisquam
495 1813 603 1861 nostri
632 1809 747 1858 misereri
787 1824 842 1857 num
864 1814 916 1861 eius
941 1807 1095 1876 reipublicae
1123 1822 1224 1866 statum.
1267 1781 1368 1863 Prae-¹

174 1893 277 1957 potest?
307 1891 381 1942 Hist.
400 1891 485 1953 Fr.I,
504 1889 547 1951 56,
570 1889 611 1938 15.
630 1885 748 1937 Nostri
786 1890 863 1938 terea
894 1889 929 1938 cf.
962 1890 1023 1940 Cat.
1048 1893 1079 1956 5,
1108 1893 1133 1943 6.
1170 1897 1197 1942 et
1220 1892 1279 1956 lug.
1305 1891 1349 1954 31,

172 1971 303 2036 proditor.
342 1969 378 2019 ib.
397 1970 436 2033 ΙΙ,
459 1969 502 2031 50,
521 1969 545 2020 3.
566 1967 596 2017 Si
607 1967 744 2030 parricida
785 1965 828 2016 26.

175 2050 361 2100 uostrisum.
821 2049 926 2116 divorsi]
958 2054 977 2102 i.
1004 2071 1027 2104 e.
1053 2055 1088 2102 in.
1108 2052 1277 2104 contrarium
1302 2053 1351 2102 ab·

211 2127 238 2174 4.
258 2125 332 2172 Clara
357 2131 511 2186 aeternaque
534 2116 649 2184 habetur]
675 2121 693 2168 1.
720 2136 743 2170 θ.
788 2135 900 2192 euntes,
926 2146 969 2181 reg
994 2133 1067 2182 inter·
1093 2148 1121 2182 se
1141 2130 1292 2196 oppositas,
1308 2147 1349 2180 se.

176 2203 308 2253 virtutem
328 2200 376 2264 qni
392 2196 490 2260 habet,
515 2213 572 2247 rem
587 2195 677 2246 habet
690 2196 745 2246 cle·
788 2215 918 2275 (luentes,
938 2210 973 2260 cf,
993 2227 1017 2260 ρ,
1037 2212 1062 2275 5,
1081 2211 1105 2262 8,
1124 2211 1182 2276 Iug,
1201 2212 1241 2272 12,
1261 2212 1286 2261 5.
1305 2210 1349 2273 31,,

178 2295 237 2328 ram
248 2282 457 2341 aeternamque,
470 2278 541 2327 sive:
554 2276 669 2326 virtutis
683 2291 745 2341 pos·
787 2291 830 2340 24,
850 2288 893 2350 87,
912 2291 937 2338 4,

178 2355 591 2448 ⁸5⁸⁸i⁰⁰lam‘fetemaqpeeft'
611 2353 653 2446 nd
667 2370 746 2419 ΡΜ
820 2383 989 2450 pars—alii]
1016 2384 1197 2448 Appositione
1221 2384 1350 2434 distribu-

177 2436 298 2487 d1catum
311 2437 448 2498 pertinere
458 2433 598 2483 adreetrva
613 2449 642 2481 an
653 2448 745 2522 prom·
787 2461 847 2512 „va
871 2462 939 2514 haec
966 2463 1006 2511 i„
1030 2463 1065 2512 ad
1089 2479 1162 2527 ,eyes
1184 2463 1350 2524 referum,

177 2518 228 2578 piu
250 2516 300 2563 est·
345 2511 471 2562 ceterum
497 2526 529 2560 θα
558 2526 613 2560 ΠΟΠ
637 2510 745 2575 fingam
788 2545 833 2603 ut,
853 2557 934 2606 quum
952 2540 1003 2591 hoe
1020 2542 1153 2592 vocabulo
1170 2541 1351 2604 totumsigni-

179 2593 355 2656 opponuntur
368 2589 537 2654 praegressis
553 2588 683 2654 singulis,
697 2589 745 2640 sed
785 2618 897 2682 ficetur,
915 2619 974 2670 eiu,
993 2623 1085 2684 partes
1104 2621 1131 2670 ei
1150 2620 1350 2677 subiissiantun

178 2668 327 2720 coniuncta
346 2667 692 2734 respondenteoniunctis3
708 2667 743 2716 ⁰f·
786 2696 822 2746 cf.
840 2698 898 2761 Iug.
915 2697 957 2760 57,

178 2748 203 2811 3,
224 2745 249 2798 3.
350 2826 356 2838 ,
542 2824 548 2835 ,
672 2824 678 2835 ,
785 2789 964 2838 compugnare,
982 2777 1043 2825 clii
1059 2777 1202 2826 succedere.
1216 2776 1252 2825 ib.
1268 2773 1309 2836 19,
1325 2775 1349 2822 l·

215 2825 241 2876 5.
257 2821 311 2874 Sed
327 2821 381 2890 dtu]
402 2823 586 2874 Adversatrva
605 2821 742 2888 partmula
784 2851 827 2914 50,
846 2854 872 2901 4,
890 2854 933 2914 74,
954 2850 977 2901 1,
1000 2853 1058 2917 104,
1073 2855 1097 2906 3,

382 2901 388 2914 ,
722 2900 728 2911 ,
1135 2853 1261 2918 lageniama
1273 2867 1351 2902 eccer-

177 2903 296 2955 reiertur
320 2903 355 2952 ad
380 2900 462 2963 allud,
489 2900 561 2964 quod
586 2905 683 2950 auctor
702 2899 745 2989 (11,
787 2921 868 2980 „ime
880 2932 997 2994 putandi
1014 2937 1092 2995 sum,
1114 2933 1350 2998 ,Π,1,,,,Π,,,ῃ,

178 2986 274 3034 xerat:
313 2981 415 3032 rectius
452 2980 505 3030 sibi
538 2979 628 3030 videri
654 2978 747 3046 ingena

180 3075 262 3125 quam
277 3058 377 3110 virium
404 3051 501 3122 opibus
524 3056 640 3121 gloriam
664 3071 747 3120 quae-

177 3155 246 3190 rere.

213 3218 238 3265 7.
264 3213 306 3263 lta
335 3221 463 3276 unumque
495 3207 561 3274 ete]
593 3210 745 3261 Verborum

178 3307 275 3344 sensus
293 3294 349 3342 est:
369 3291 446 3351 „ita,
465 3292 686 3354 quumutrumque
697 3305 745 3354 per

179 3387 208 3421 se
225 3367 349 3432 indigens
367 3371 412 3430 sit,
438 3373 518 3416 tumen
537 3367 653 3419 alterum
676 3369 744 3421 alte-

177 3448 236 3498 rius
266 3445 370 3497 auxilio
396 3443 487 3509 eget.“
532 3445 644 3497 Scilicet
674 3449 744 3499 satia

179 3525 290 3587 mirram,
310 3523 377 3574 duas
396 3538 454 3585 res,
475 3537 546 3587 quae
556 3524 679 3588 singulae
690 3526 744 3575 sibi

179 3603 258 3667 ipsae
278 3601 419 3653 nonsatis
441 3601 512 3662 sint,
531 3605 626 3651 mutuo
639 3603 743 3653 auxilio
820 3589 844 3636 ²·
864 3602 979 3636 0‘22‘330'7‘
996 3586 1056 3635 belli
1072 3584 1176 3651 habere]
1198 3587 1251 3654 ize·
1270 3603 1349 3636 caus·

180 3695 267 3746 egere.
289 3679 380 3742 Quare
399 3680 442 3729 vis
462 3679 616 3729 sententiae
632 3681 662 3729 in
680 3683 744 3731 alte·
786 3679 844 3714 ⁵³¹¹]
862 3664 890 3720 b·
908 3663 1015 3726 iacere,
1034 3663 1079 3714 Vel
1098 3669 1231 3728 tanquam
1249 3679 1348 3716 “allisa

179 3775 233 3808 rum
252 3759 357 3808 ulterius
374 3757 488 3807 vocibus
507 3757 588 3808 inest.
784 3741 850 3792 belli
866 3743 916 3792 Uti·

214 3837 252 3887 II.
266 3832 392 3902 l.Igitur]
406 3835 483 3885 Haec
493 3835 645 3899 particula,
661 3853 743 3902 quam
817 3837 929 3897 periculo
959 3844 1034 3900 atque
1064 3835 1178 3902 negotiis]
1208 3839 1347 3888 Periculum

180 3913 328 3966 Sallustius
337 3912 513 3976 antiquorum
521 3914 684 3978 scriptorum
692 3930 744 3964 usu
784 3912 906 3978 intellige
917 3913 950 3963 de
965 3915 1032 3979 ipsis
1045 3915 1143 3978 pugnis
1157 3915 1346 3966 certaminum-

180 3992 266 4057 primo
284 3990 345 4042 loco
360 4006 460 4056 ponere
476 3991 558 4054 solet,
577 3991 696 4042 refertur
708 3992 744 4041 ad
787 4007 839 4056 que
859 3991 1031 4052 discrimine,
1057 3993 1162 4055 negotiis
1184 3992 1217 4041 de
1235 3992 1346 4044 calami-

180 4085 204 4120 o.
224 4069 248 4132 l,
268 4070 292 4120 5.
785 4069 891 4120 tatibus
913 4069 984 4120 bello
1005 4070 1051 4120 vel
1074 4073 1189 4134 accepta
1211 4069 1288 4120 clade
1306 4087 1347 4119 or-

216 4147 299 4216 reges]
328 4147 364 4199 ci.
393 4147 450 4198 Cic.
487 4147 519 4198 de
550 4145 618 4211 Rep.
648 4146 671 4208 1,
699 4145 742 4196 25.
785 4148 831 4199 tis.
868 4148 981 4212 Proprie
1005 4147 1075 4198 enim
1094 4149 1193 4211 negotia
1212 4152 1275 4198 sunt
1293 4165 1347 4212 res,

180 4230 256 4292 Quaem
275 4241 354 4292 penes
374 4243 445 4276 unum
464 4235 504 4278 est
526 4228 628 4276 munium
652 4241 744 4275 sumam
785 4227 814 4276 ln
833 4225 931 4291 quibus
950 4225 1079 4276 otioirui
1097 4226 1241 4278 nonlicet.

181 4321 276 4370 rerrtm,
304 4321 385 4370 regem
403 4307 469 4356 illurn
486 4321 615 4356 corninus.
643 4311 667 4352 et
688 4320 745 4366 rrp-
820 4305 844 4354 3.
864 4303 936 4364 Qrtod
957 4302 990 4367 si]
1018 4305 1090 4364 Quod
1112 4320 1260 4369 pronomen
1283 4307 1347 4354 aute

975 2699 1001 2746 4.
1028 2697 1172 2760 Romani,
1195 2712 1275 2760 pars
1293 2698 1351 2744 emi-

787 3009 883 3058 dendis
901 3009 1063 3061 civitatibus
1078 3013 1275 3096 prospicerent,
1292 3025 1350 3059 eor-

784 3102 846 3149 pus,
866 3087 913 3150 qui
929 3089 1069 3138 venationi
1085 3096 1111 3138 et
1123 3104 1257 3138 armorum
1276 3103 1352 3138 ener-

786 3165 851 3215 eitio
870 3164 955 3214 dediti
972 3170 1073 3217 essent.

822 3250 951 3318 etiamtum]
972 3254 990 3302 i.
1014 3270 1038 3303 e.
1057 3253 1104 3303 illo
1120 3252 1349 3318 adhuctempore‚

759 3355 760 3360 =
786 3335 844 3379 tum
865 3329 965 3390 adhuc;
995 3331 1030 3382 oi.
1049 3333 1108 3398 Iug.
1129 3333 1173 3396 63,
1199 3333 1224 3384 6.
1245 3333 1303 3394 103,
1322 3331 1348 3382 6.

784 3409 817 3457 In
835 3410 1012 3472 sequentibus
1033 3414 1057 3474 ξ.
1083 3414 1108 3462 2.
1135 3412 1280 3476 opponitur
1301 3418 1350 3460 torn

784 3488 886 3538 demum.
