3070 4852
487 281 682 374 ruonarusJ
703 325 734 374 c.
757 325 827 374 xm.
851 327 936 374 sun.
1242 314 1298 374 171

131 480 258 552 labatur;
287 501 379 564 penes
408 451 713 559 eosdem'aerarium,
745 483 930 561 provinciae,
960 482 1158 559 magistratus,
1189 481 1303 558 gloriae

130 592 326 672 triumphique
348 603 444 662 erant;
476 593 602 674 populus
624 594 722 656 militia
746 602 833 672 atque
863 594 958 670 inopia
978 591 1150 669 urgebatur;
1178 593 1304 670 praedas

102 701 259 772 8bellicas
287 705 480 782 imperatores
509 722 572 763 cum
602 705 704 782 paucis
731 702 921 781 diripiebant;
949 703 1062 764 interea
1091 712 1229 781 parentes
1257 712 1304 763 aut

133 817 214 892 parvi
243 813 327 874 liberi
355 814 492 891 militum,
522 816 561 875 uti
588 815 710 892 quisque
726 813 895 898 ⁴potentiori
925 812 1047 872 confinis
1077 821 1156 889 erat,
1186 813 1304 875 sedibus
1343 869 1347 876 .
1454 837 1458 848 ·

100 922 327 1001 itpellebantur.
371 925 413 985 lta
440 943 503 984 cum
530 925 663 1002 potentia·
684 925 803 982 avaritia
831 923 894 982 sine
923 921 1009 982 modo
1034 922 1234 1002 modestiaque
1264 925 1303 984 in·

133 1033 259 1111 vadere,
281 1035 415 1113 polluere
437 1043 466 1094 et
488 1043 603 1094 vastare
623 1035 732 1108 omnia,
753 1031 824 1091 nihil
847 1034 930 1110 pensi
953 1050 1048 1110 neque
1068 1034 1161 1094 sancti
1183 1033 1304 1112 habere,

85 1154 121 1204 10
133 1143 229 1221 quoad
251 1154 343 1206 semet
369 1147 432 1225 ipsa
455 1145 669 1223 praecipitavit.
713 1139 786 1201 Nam
808 1140 855 1201 ubi
885 1143 1004 1220 primum
1026 1161 1064 1202 ex
1086 1142 1237 1204 nobilitate
1260 1163 1305 1204 re·

132 1256 208 1333 perti
231 1263 311 1331 sunt,
336 1256 384 1333 qui
408 1271 506 1313 veram
528 1254 654 1330 gloriam
679 1253 800 1312 iniustae
823 1253 971 1331 potentiae
994 1262 1222 1332 anteponerent,
1244 1271 1304 1314 mo·

131 1366 195 1423 veri
220 1364 322 1424 civitas
335 1359 373 1424 'ct
394 1364 541 1424 dissensio
563 1361 657 1422 civilis
680 1364 762 1440 quasi
784 1363 938 1440 permixtio
960 1371 1056 1423 terrae
1080 1365 1150 1424 oriri
1174 1337 1283 1445 coepit.

218 1473 304 1533 Xhll.
347 1473 420 1534 Nam
442 1483 594 1553 postquam
617 1472 752 1533 Tiberius
774 1483 803 1533 et
825 1471 857 1532 G.
880 1471 1047 1549 Gracchus,
1072 1492 1194 1552 quorum
1215 1478 1304 1536 maio·

36 1627 37 1636 .
132 1601 183 1642 res
206 1583 315 1646 Punico
343 1594 429 1664 atque
452 1585 516 1646 aliis
543 1584 629 1644 bellis
651 1583 768 1643 multum
793 1581 975 1662 reipublicae
1003 1581 1186 1662 addiderant,
1215 1587 1305 1646 vindi·

134 1712 203 1754 aare
225 1694 343 1774 plebem
366 1698 394 1755 in
415 1695 578 1756 libertatem
602 1702 631 1753 et
654 1710 812 1772 paucorum
832 1693 947 1754 seelera
969 1695 1138 1772 patefacere
1161 1713 1303 1776 coepere,

35 1851 36 1854 .
133 1803 270 1865 nobilitas
293 1807 381 1866 noxia
402 1814 489 1884 atque
513 1824 549 1866 eo
573 1803 729 1884 perculsa,
758 1803 845 1864 modo
871 1821 925 1882 per
947 1805 1047 1864 socios
1070 1823 1106 1865 ac
1128 1823 1233 1882 nomen
1251 1805 1303 1866 La·

134 1915 238 1992 tinum,
263 1917 403 1977 interdum
427 1935 481 1995 per
503 1915 618 1994 equites
631 1915 796 1988 Romanos,
819 1931 894 1990 quos
916 1931 987 1992 spes
1009 1916 1159 1976 societatis
1181 1935 1196 1976 a
1217 1914 1304 1994 plebe

34 2077 35 2082 ,
135 2025 312 2102 dimoverat,
333 2026 528 2088 Gracchorum
550 2023 712 2086 actionibus
734 2023 850 2084 obviam
872 2024 960 2099 ierat,
985 2034 1014 2084 et
1036 2027 1128 2104 primo
1148 2021 1310 2104 Tiberium,

170 2213 321 2276 respublica,
342 2230 406 2280 quae
423 2215 504 2265 media
516 2211 615 2278 suerat]
636 2213 699 2262 Rea·
776 2210 837 2260 nihil
852 2208 935 2276 pensi]
956 2227 982 2260 v.
1002 2211 1038 2260 ad
1058 2211 1118 2262 Cat.
1139 2214 1164 2275 5,
1182 2213 1209 2264 6.

133 2291 235 2354 publica
246 2308 325 2357 quum
343 2294 433 2342 omnia
445 2309 477 2343 ea
492 2291 698 2358 complectatur,
779 2289 818 2338 10.
837 2293 935 2351 reperti
950 2297 1020 2352 suut,
1037 2287 1089 2356 qai]
1116 2291 1253 2343 Gracchos
1267 2293 1305 2343 in-

135 2386 206 2434 quae
222 2371 339 2421 omnium
351 2371 450 2421 civium
462 2371 614 2421 communia
626 2373 698 2430 sunt,
741 2366 827 2432 telligi
845 2365 954 2431 planum
969 2372 1020 2417 est.

135 2450 210 2511 iura,
228 2447 317 2513 leges,
334 2450 434 2500 benum
450 2448 600 2514 publicum,
617 2448 698 2498 media
776 2455 850 2517 quasi
857 2455 992 2515 permistio
1008 2449 1106 2517 terrae]
1127 2450 1304 2517 comparatur

137 2534 175 2576 est
192 2527 408 2591 interutrasque
425 2531 526 2590 partes,
544 2527 593 2576 nbi
609 2527 698 2575 neutri
741 2531 864 2581 durem
882 2533 960 2580 civilis
982 2546 1043 2580 eum
1061 2545 1092 2580 eo
1114 2545 1202 2580 rerum
1215 2535 1304 2592 'statu,

136 2604 197 2654 illas
221 2619 263 2654 res
283 2609 392 2666 curant,
418 2604 466 2653 sed
489 2620 537 2654 suo
558 2603 697 2654 commodo
741 2609 788 2673 qui
811 2608 918 2658 futurus
940 2613 1027 2670 esset,
1053 2609 1077 2657 si
1101 2623 1193 2657 omnes
1217 2613 1305 2658 ienae

135 2681 242 2742 intenti,
262 2681 525 2745 quicquidpossunt,
544 2681 651 2730 indeed
669 2696 698 2729 se
741 2688 834 2751 partes
857 2686 927 2735 inter
945 2701 975 2734 se
998 2685 1129 2734 confusae
1148 2690 1253 2746 essent,
1278 2692 1305 2736 et

136 2758 263 2817 trahunt3
287 2774 340 2822 quo
360 2757 404 2819 fit,
424 2762 454 2806 ut
469 2758 516 2808 illa
535 2759 697 2808 dilaceretur.
742 2778 848 2812 summa
864 2763 924 2813 imis
942 2764 1128 2813 miscerentur.
1156 2762 1305 2814 Inserenda

137 2870 172 2878 -
203 2836 510 2901 Plusquamperieetum·
534 2853 565 2886 eo
594 2836 699 2897 nititur,
742 2839 822 2888 huius
850 2841 1062 2904 comparationis
1088 2838 1210 2890 mollitur
1232 2847 1308 2906 quasi

68 2933 82 2956 ο
139 2914 210 2979 quod
239 2929 329 2978 resp,
364 2912 526 2977 simulatque
558 2914 700 2964 dilacerata
742 2915 1027 2980 particula30f.1ug.
1047 2915 1138 2977 29,5.

139 3001 191 3054 eat,
210 2991 299 3041 media
317 3006 377 3040 08⁵0
395 2989 485 3040 dssflili·
777 3007 864 3058 XLII.
886 3009 910 3057 l.
930 3021 1032 3071 quorum
1049 3005 1168 3072 maiores]
1186 3009 1247 3058 Non
1263 3026 1306 3060 so-

174 3093 199 3144 6,
226 3089 350 3156 factione]
378 3092 397 3141 i,
422 3107 444 3140 e,
471 3094 530 3140 arra
553 3104 700 3154 paucorum
741 3084 798 3134 lum
812 3099 880 3134 avus
899 3085 930 3134 P.
945 3083 1025 3135 Corn.
1045 3085 1135 3148 Scipio
1149 3087 1305 3149 Africanus,

138 3171 290 3236 potentium
301 3169 493 3218 coniunctione
510 3172 538 3217 et
553 3169 632 3232 quasi
644 3168 701 3233 glo·
744 3161 792 3210 sed
805 3162 886 3211 etiam
896 3165 976 3226 pater
985 3162 1028 3210 Ti·
1036 3162 1210 3226 Sempronius
1223 3164 1306 3216 Grac-

138 3250 184 3312 bo,
199 3252 229 3297 ut
248 3246 368 3313 loquitur
384 3247 488 3297 Marius
507 3246 567 3312 Ing.
587 3246 629 3308 85,
643 3239 713 3306 10.;·'
744 3239 819 3301 chus,
839 3240 885 3304 qui
900 3254 970 3288 anno
991 3239 1049 3290 179.
1070 3255 1095 3289 a.
1116 3240 1178 3291 Chr.
1198 3257 1224 3291 n.
1244 3257 1306 3292 con-

139 3344 165 3377 v.
185 3327 267 3376 etiam
286 3324 321 3374 ad
339 3324 401 3388 lug.
418 3324 443 3386 8,
461 3324 483 3372 l.
744 3317 786 3367 sul
805 3316 956 3368 Celtiberos
975 3318 1167 3369 debellaverat.

173 3436 198 3482 in
222 3424 386 3491 multitudine]
414 3427 491 3477 Haeo
514 3425 701 3490 coniungenda
777 3427 826 3474 im*
842 3409 934 3476 8θθῐθθ]
964 3427 990 3463 V·
1014 3410 1050 3461 ad
1069 3413 1129 3478 11¹8·
1154 3413 1200 3477 39,
1222 3417 1247 3466 2·
1272 3444 1308 3453 -

140 3525 198 3558 eum
216 3508 341 3567 dispersa.
744 3489 943 3554 Impedimenta
965 3491 1156 3555 rogationibus
1179 3494 1308 3546 nobilitas

744 3571 785 3620 ita
801 3582 914 3633 parasse
926 3567 1045 3631 videtur,
1062 3572 1093 3618 ut
1113 3570 1195 3620 sociis
1206 3575 1241 3620 et
1254 3573 1309 3622 La-

745 3650 789 3697 nis
802 3643 967 3710 persuadere
977 3644 1112 3708 studeret,
1125 3645 1214 3711 legem
1226 3648 1310 3698 Grac·
1348 3673 1352 3682 ·

746 3725 856 3776 eborum
863 3721 999 3786 agrariam
1009 3723 1076 3786 ipsis
1085 3738 1202 3788 quoque,
1210 3727 1309 3789 quippe

747 3801 793 3866 qui
821 3802 927 3862 partem
955 3798 1014 3860 agri
1043 3799 1146 3862 publici
1176 3804 1308 3866 tenerent,

748 3876 910 3926 detrimento
928 3874 994 3926 lere.

781 3957 997 4024 marcomannis]
1022 3975 1061 4009 se.
1082 3973 1144 4008 eum
1165 3959 1310 4010 nobilitate

177 4029 203 4078 ⁸·
221 4023 330 4090 millam]
358 4040 397 4074 ⁵⁰·
417 4023 560 4086 quideme
581 4023 704 4086 aberant,
746 4035 894 4098 ineundae,
920 4037 992 4086 unde
1017 4036 1134 4086 maxima
1161 4037 1214 4086 sibi
1239 4052 1311 4088 com-

144 4107 207 4156 dum
224 4101 361 4168 ⁸lll³⁰¹¹dl⁸
379 4100 492 4150 saelum·
747 4114 828 4164 moda
844 4117 960 4164 ventura
977 4114 1137 4178 sperabant,
1158 4128 1239 4178 quum
1256 4115 1312 4164 iam
1370 4139 1374 4146 ·

70 4209 73 4216 '
178 4193 288 4260 sedibus]
309 4195 328 4245 i.
348 4210 371 4244 e.
393 4208 459 4257 agro
475 4192 592 4257 publico.
747 4199 806 4242 turn
825 4189 963 4256 publicani
981 4207 1080 4256 magna
1103 4193 1214 4256 negotia
1229 4192 1312 4242 habe-

179 4294 205 4344 9.
232 4295 286 4342 aine
309 4292 380 4340 mado
401 4285 580 4352 modestiaque]
621 4302 647 4335 v.
672 4285 707 4335 ad
749 4273 819 4321 rent.

145 4369 206 4422 (Μ’
230 4370 274 4431 ¹¹³
292 4371 318 4418 4·
783 4366 863 4428 pauo
873 4359 1007 4428 Tiberium]
1025 4361 1155 4412 ennom

174 3608 199 3656 7.
218 3603 374 3670 apitabaurr]
396 3605 414 3656 i.
434 3621 457 3654 e.
477 3604 568 3654 omnia
584 3602 701 3666 ageban-

141 3689 184 3734 tur
203 3683 298 3747 (merae
317 3681 478 3747 versalrers);
505 3681 540 3732 cf.
559 3683 634 3732 Hist.
656 3682 702 3732 Fr.

141 3765 169 3825 Ι,
195 3763 234 3812 ll.
259 3761 349 3826 Aequo
373 3768 397 3810 et
421 3761 531 3810 modesta
554 3762 610 3810 iare
632 3764 703 3824 upi-

142 3848 248 3910 lalana.

174 3932 283 4002 pieriae]
303 3949 330 3983 v.
350 3932 385 3982 ad
405 3930 465 3981 Cat.
483 3931 523 3992 14,
543 3933 568 3981 5.
