3092 4850
309 275 553 324 ursuonrsnuu
573 277 804 326 annaneane.
830 277 900 325 ura.
923 278 969 325 rv.
999 279 1055 327 ra.
1079 276 1194 328 20-25.
1277 269 1340 331 325

167 433 217 495 illa
239 434 314 494 lama
337 442 491 514 sequetur,
514 433 623 495 auxilio
646 435 812 514 profectum
834 433 949 514 maguis
970 435 1090 515 regibus
1114 435 1242 498 latrories
1268 455 1339 516 gen·

124 547 235 606 2311um
258 545 455 624 oppressisse.
501 545 585 621 Quod
607 546 647 604 uti
668 544 761 606 iacias
782 563 887 606 moneo
905 546 1082 627 hortorque,
1104 565 1160 608 neu
1174 545 1256 608 malis
1273 565 1338 627 per·

167 655 243 716 nioie
266 663 364 717 nostra
386 665 463 716 tuam
485 653 647 735 prolatare,
671 673 756 735 quam
778 655 920 717 societate
939 659 1035 718 victor
1057 657 1131 717 lieri.

227 786 232 798 ·
252 766 302 827 21.
327 767 398 827 l'uur
421 785 493 826 vcro
516 766 631 843 Bithyni
652 768 882 847 propinquantes
903 769 957 828 larn
981 787 1092 830 amnem
1115 766 1289 828 Tartauium.

252 876 302 937 22.
324 878 455 956 Namque
478 879 599 957 primunr
625 877 760 966 Iasonem
788 895 874 960 novo¹
893 879 996 940 itinere
1026 880 1112 940 maris
1143 880 1256 939 Aeetae
1283 878 1336 939 bo-

168 988 251 1067 spitis
274 988 389 1048 domurn
411 987 551 1049 violasse.

654 1223 656 1228 '
689 1203 755 1265 Car.
777 1216 815 1266 11.

165 1347 270 1398 Bellum
287 1347 386 1399 servile
401 1350 557 1397 extremum.
593 1347 723 1396 Pastores
741 1347 769 1396 iu
785 1348 908 1400 Lucania
927 1350 1013 1402 servis
1033 1367 1062 1402 se
1080 1348 1232 1412 adiungunt
1250 1349 1277 1395 et
1294 1360 1338 1395 ru-
1373 1335 1380 1341 '¹

201 1435 247 1486 dia
264 1451 340 1485 arma
357 1437 464 1501 parant.
489 1461 523 1470 -
541 1424 665 1483 (irassus'
681 1433 735 1482 dux
757 1438 854 1486 contra
876 1450 970 1488 servos
991 1431 1110 1504 eligit'ur.
1131 1432 1337 1498 -Spartacus

200 1524 228 1572 in
246 1523 414 1572 Bruttiorum
433 1536 527 1587 agrum
544 1534 573 1569 se
588 1521 696 1584 recipit.
714 1550 747 1559 -
767 1521 834 1573 Eius
854 1528 969 1574 conatus
985 1525 1015 1575 in
1033 1525 1153 1576 Siciliam
1172 1527 1337 1580 traiiciendi.

198 1636 230 1644 -
254 1609 410 1675 neserrpno
435 1609 535 1659 rarae
560 1605 696 1656 rnrenorrs
720 1611 748 1658 a
768 1608 832 1659 nea
855 1610 948 1664 saun.
966 1591 1165 1664 -sworum
1187 1613 1335 1679 uaoorura,
1438 1644 1442 1654 ·

199 1698 303 1748 reditus
322 1714 355 1748 ex
371 1696 487 1747 Bruttiis
504 1711 553 1762 per
571 1692 735 1758 Lucaniam,
753 1698 781 1744 et
799 1683 891 1746 variae
909 1696 1010 1750 clades.
1027 1726 1062 1735 -
1079 1699 1205 1765 Spartaci
1218 1716 1300 1756 mors.

249 1881 300 1942 23.
322 1881 358 1941 Hi
379 1882 513 1944 locorum
542 1888 681 1965 perguari
711 1895 740 1946 et
762 1882 841 1942 soliti
869 1889 990 1940 nectere
1017 1897 1055 1939 ex
1083 1878 1236 1940 viminibus
1266 1896 1347 1939 vasa·

164 1991 310 2066 agresda,
330 1991 369 2051 ibi
390 2002 462 2071 turn,
485 1995 563 2073 quod
586 1997 685 2076 Inopia
709 2003 856 2055 scutorum
881 1991 990 2068 luerat,
1019 2008 1054 2052 ea
1075 1999 1137 2051 arte
1156 2009 1188 2051 se
1211 1991 1334 2069 quisquc

165 2099 193 2158 in
211 2100 332 2161 lorrnanr
353 2120 471 2182 parmae
492 2108 637 2184 equestris
658 2104 797 2167 armabat.

250 2211 300 2270 24.
326 2211 412 2274 Coria
435 2233 540 2276 recens
563 2216 691 2278 detracta
715 2216 795 2295 quasi
817 2215 928 2293 glutino
952 2210 1170 2273 adolescebant.

249 2319 299 2381 25.
325 2323 436 2385 Rursus
457 2327 582 2389 iumenta
605 2329 682 2390 nacti
701 2327 736 2387 ad
756 2326 894 2407 oppidum
916 2324 959 2383 ire
984 2323 1168 2383 contendunt.
1245 2367 1251 2378 .

163 2513 287 2560 evertant
317 2511 503 2574 (Germanicas
540 2518 665 2576 steininen,
694 2531 726 2566 za
802 2514 848 2563 Fr.
868 2510 924 2577 23.]
943 2513 1016 2564 Nou.
1033 2509 1136 2575 XVIII,
1157 2511 1199 2560 14.
1224 2525 1251 2576 p.
1271 2508 1332 2572 554,

164 2588 267 2638 Grande
285 2588 401 2656 riebten).
768 2593 810 2643 20.
829 2593 914 2644 Marc.
940 2591 983 2641 De
994 2589 1150 2656 pastoribus
1167 2588 1257 2653 agitur
1273 2603 1333 2638 oum

197 2689 244 2724 noa
258 2673 346 2740 serva]
365 2676 384 2725 i.
405 2691 426 2726 e.
454 2679 517 2739 ipoa's
534 2692 589 2726 non
607 2677 727 2727 cervien.
768 2668 892 2732 fugibivis
909 2667 1064 2718 coniunctis
1082 2666 1129 2726 (ci.
1148 2663 1286 2716 Plutarch.
1303 2658 1332 2711 iu

162 2752 217 2815 tia,
235 2766 291 2801 non
308 2752 441 2805 subiecta.
769 2747 868 2796 Crasso
888 2761 912 2795 c.
932 2741 974 2808 9.)
994 2749 1021 2793 et
1038 2744 1098 2794 rudi
1113 2747 1171 2792 arte
1189 2756 1264 2791 arma
1279 2735 1333 2787 sibi

196 2838 220 2901 ς,
247 2837 288 2887 18,
313 2839 414 2907 aeman]
440 2839 585 2906 ,appositio
604 2842 647 2888 est
669 2838 729 2888 sup.
769 2820 994 2889 parantibumcf.
1005 2820 1141 2881 Flor.III,
1151 2817 1193 2881 20,
1208 2816 1234 2870 6.
1247 2817 1333 2866 Fron·

162 2918 221 2966 ieeli
242 2932 295 2964 eam
315 2917 470 2978 praedicato
495 2917 631 2976 coniuncti,
660 2914 724 2966 Ger·
769 2902 819 2950 iin-
840 2899 873 2948 (1⁰
892 2898 1012 2962 811111θὲ·
1031 2898 1054 2960 Is
1073 2899 1097 2960 7,
1116 2896 1143 2947 6·

162 2994 269 3044 maniae
303 3008 351 3058 per
393 2997 433 3045 als
469 2992 632 3060 particulam
668 2991 728 3042 red·
803 2993 850 3042 Fr.
862 2989 917 3057 24]
934 2991 1011 3059 Serv.
1025 2989 1059 3039 ad
1068 2990 1144 3055 Virg.
1160 2988 1259 3053 Georg.
1275 2985 1329 3048 III,

165 3072 264 3122 denda.
773 3071 828 3120 155.
847 3067 953 3118 Charis.
972 3067 995 3129 I,
1015 3067 1056 3129 17,
1074 3067 1117 3119 65.
1137 3083 1164 3132 p.
1182 3063 1226 3116 48.
1248 3062 1329 3113 Lind.

181 3147 313 3216 affuturi]
341 3149 361 3202 i.
387 3165 410 3199 e.
437 3148 609 3215 aggressuri,
641 3148 724 3211 impe·
769 3147 806 3213 (p.
825 3147 873 3198 aa.
899 3143 943 3210 Ρ.)
969 3144 1011 3195 16.
1035 3146 1058 3208 1,
1083 3144 1125 3208 21,
1152 3146 1211 3196 114.
1240 3157 1266 3208 p.
1285 3140 1328 3195 76.

163 3227 453 3288 tumfacturi3v.ad
472 3227 592 3288 (reesa,
612 3225 654 3276 18.
768 3224 805 3290 (p.
824 3225 883 3276 106.
899 3221 943 3288 P.)
969 3220 1121 3288 Philargyr.
1147 3222 1182 3272 ad
1199 3221 1276 3286 Virg.
1296 3219 1342 3271 Gr

197 3315 223 3379 ξ.
245 3314 285 3365 19.
309 3311 434 3379 Seleucia]
455 3313 516 3364 Sita
541 3312 595 3362 luit
619 3311 654 3360 ad
677 3311 725 3361 Ti·
768 3303 822 3366 IV,
846 3302 889 3354 40.
919 3303 961 3351 De
987 3300 1168 3351 fabricatione
1191 3302 1330 3350 scutorum

162 3394 245 3460 grim,
258 3393 436 3444 exadversum
447 3390 632 3456 ctesiphonti,
651 3405 667 3438 a
679 3390 725 3441 se.
768 3380 836 3430 baec
856 3380 930 3430 diota
947 3393 1007 3430 esse
1031 3381 1108 3442 patet
1132 3391 1165 3427 ex
1181 3376 1275 3427 Servio
1294 3376 1329 3426 ad

161 3472 239 3522 leuco
252 3472 382 3523 Nicatore
396 3468 523 3532 condita,
540 3468 639 3520 floreus
656 3483 725 3517 mer·
767 3461 843 3524 virg.
860 3457 927 3508 Aen.
938 3459 987 3520 VI,
1006 3456 1066 3510 632.
1083 3458 1125 3508 Ex
1138 3457 1233 3508 eodem
1251 3455 1332 3506 intel·
1350 3459 1354 3467 '

163 3554 259 3600 cature.
276 3552 303 3598 et
322 3547 509 3613 magnitudine
531 3546 662 3611 insigni„
687 3545 723 3596 cf,
765 3535 861 3602 ligitur
879 3538 1071 3602 Fragmentum
1092 3539 1152 3585 arte
1176 3534 1329 3586 cohaesisse

161 3625 232 3678 Plin.
251 3627 287 3678 Η,
306 3626 340 3677 Ν.
359 3626 407 3689 Vl,
423 3625 467 3678 30,
485 3624 583 3674 Strabo
602 3624 676 3676 XVI,
695 3640 724 3688 p,
767 3629 828 3664 cunr
844 3613 1032 3676 praecedente,
1052 3629 1085 3662 ac
1102 3617 1227 3678 pastores
1244 3613 1330 3664 luisse

162 3703 239 3756 1073.
259 3703 290 3754 Ο.
767 3692 903 3742 Lucanos.

196 3785 221 3846 ξ.
250 3782 291 3832 21.
322 3779 505 3842 Mesopotamia
530 3805 565 3814 —
590 3775 722 3842 Armenia]
802 3770 990 3837 adolescebant]
1033 3773 1187 3824 Insolenter
1227 3771 1329 3823 dictum

161 3859 179 3908 i.
199 3875 221 3910 e.
246 3875 277 3908 ea
297 3862 388 3920 parte,
413 3869 462 3920 pua
485 3854 584 3918 Merop.
611 3862 664 3916 est,
688 3874 724 3902 a:
765 3854 836 3904 bunc
855 3866 964 3901 sensum
987 3847 1082 3901 habete
1106 3851 1215 3915 firmiter
1236 3848 1333 3898 addae·

159 3950 208 3998 per
226 3935 442 3998 Mesopotamiam.
764 3933 913 3994 recordant,
943 3939 970 3982 ut
998 3946 1082 3994 paene
1116 3937 1236 3981 concreta
1262 3929 1330 3978 oide-

195 4024 242 4074 Fr.
261 4019 316 4085 21.]
337 4019 466 4070 Arusian.
485 4034 512 4083 p.
528 4019 588 4068 254.
606 4015 686 4065 Lind.
764 4019 861 4061 rentur.

198 4111 240 4160 Fr.
260 4109 315 4176 22]
341 4108 474 4159 Priscian.
497 4107 545 4167 VI,
573 4105 612 4168 ll,
633 4104 677 4156 01.
695 4118 721 4167 p.
799 4104 844 4153 Fr.
865 4099 918 4168 25.)
939 4103 1010 4152 Non.
1031 4099 1079 4162 IV,
1096 4098 1138 4149 68.
1158 4113 1184 4162 p.
1204 4095 1248 4145 25‘

162 4187 222 4241 258.
248 4189 296 4238 Kr.
328 4187 420 4240 Verba
443 4181 612 4235 Mithridatis
638 4181 724 4231 fuisse
765 4182 850 4231 Marc.
884 4179 927 4229 Ad
961 4177 1138 4244 lugitivorum
1167 4190 1216 4224 rer

160 4268 300 4332 videntur,
321 4265 482 4318 Colchorum
500 4261 630 4313 auxilium
648 4261 724 4310 invo-
765 4259 872 4309 urbium
889 4258 918 4307 in
938 4255 1062 4306 Lucania
1084 4252 1168 4304 verba
1192 4267 1210 4316 p

116 4407 119 4414 Ι
161 4345 260 4397 cantis.
765 4335 907 4398 videntur,
926 4333 963 4388 ci.
983 4333 1056 4386 Flor.
1076 4331 1128 4397 111,
1148 4329 1212 4390 26,1
