<?xml version="1.0" encoding="UTF-8"?>
<!DOCTYPE html PUBLIC "-//W3C//DTD XHTML 1.0 Transitional//EN"
    "http://www.w3.org/TR/xhtml1/DTD/xhtml1-transitional.dtd">
<html xmlns="http://www.w3.org/1999/xhtml" xml:lang="en" lang="en">
 <head>
  <title>
</title>
<meta http-equiv="Content-Type" content="text/html;charset=utf-8" />
  <meta name='ocr-system' content='tesseract 3.04.00' />
  <meta name='ocr-capabilities' content='ocr_page ocr_carea ocr_par ocr_line ocrx_word'/>
</head>
<body>
  <div class='ocr_page' id='page_1' title='image "./catilinaiugurth01sallgoog_0251.png"; bbox 0 0 3070 4852; ppageno 0'>
   <div class='ocr_carea' id='block_1_1' title="bbox 179 266 938 348">
    <p class='ocr_par' dir='ltr' id='par_1_1' title="bbox 179 266 938 348">
     <span class='ocr_line' id='line_1_1' title="bbox 179 266 938 348; baseline -0.011 -20"><span class='ocrx_word' id='word_1_1' title='bbox 179 266 242 330; x_wconf 75' lang='lat'><strong>232</strong></span> <span class='ocrx_word' id='word_1_2' title='bbox 347 341 350 348; x_wconf 26' lang='lat'><em>¹</em></span> <span class='ocrx_word' id='word_1_3' title='bbox 583 275 613 324; x_wconf 90' lang='lat' dir='ltr'><strong>o.</strong></span> <span class='ocrx_word' id='word_1_4' title='bbox 637 273 805 323; x_wconf 78' lang='lat' dir='ltr'><strong>ssnuusrr</strong></span> <span class='ocrx_word' id='word_1_5' title='bbox 826 273 938 322; x_wconf 80' lang='lat' dir='ltr'><strong>onrssr</strong></span> 
     </span>
    </p>
   </div>
   <div class='ocr_carea' id='block_1_2' title="bbox 180 428 1403 3044">
    <p class='ocr_par' dir='ltr' id='par_1_2' title="bbox 180 428 1403 3044">
     <span class='ocr_line' id='line_1_2' title="bbox 180 428 1356 513; baseline -0.013 -13"><span class='ocrx_word' id='word_1_6' title='bbox 180 435 294 500; x_wconf 84' lang='lat' dir='ltr'><strong>emissis</strong></span> <span class='ocrx_word' id='word_1_7' title='bbox 316 451 444 513; x_wconf 88' lang='lat' dir='ltr'><strong>corpora</strong></span> <span class='ocrx_word' id='word_1_8' title='bbox 470 442 589 513; x_wconf 79' lang='lat' dir='ltr'><strong>tegere,</strong></span> <span class='ocrx_word' id='word_1_9' title='bbox 621 441 650 492; x_wconf 87' lang='lat' dir='ltr'><strong>et</strong></span> <span class='ocrx_word' id='word_1_10' title='bbox 677 432 701 492; x_wconf 91' lang='lat' dir='ltr'><strong>si</strong></span> <span class='ocrx_word' id='word_1_11' title='bbox 728 433 775 510; x_wconf 90' lang='lat' dir='ltr'><strong>qui</strong></span> <span class='ocrx_word' id='word_1_12' title='bbox 798 431 826 490; x_wconf 94' lang='lat' dir='ltr'><strong>iu</strong></span> <span class='ocrx_word' id='word_1_13' title='bbox 850 449 950 490; x_wconf 88' lang='lat' dir='ltr'><strong>manus</strong></span> <span class='ocrx_word' id='word_1_14' title='bbox 972 437 1132 506; x_wconf 85' lang='lat' dir='ltr'><strong>uenerant,</strong></span> <span class='ocrx_word' id='word_1_15' title='bbox 1164 428 1356 488; x_wconf 84' lang='lat' dir='ltr'><strong>obtruncare.</strong></span> 
     </span>
     <span class='ocr_line' id='line_1_3' title="bbox 181 539 1387 624; baseline -0.008 -17"><span class='ocrx_word' id='word_1_16' title='bbox 181 546 255 608; x_wconf 86' lang='lat' dir='ltr'><strong>Dum</strong></span> <span class='ocrx_word' id='word_1_17' title='bbox 279 563 316 606; x_wconf 90' lang='lat' dir='ltr'><strong>eo</strong></span> <span class='ocrx_word' id='word_1_18' title='bbox 343 544 429 604; x_wconf 87' lang='lat' dir='ltr'><strong>modo</strong></span> <span class='ocrx_word' id='word_1_19' title='bbox 454 544 569 622; x_wconf 89' lang='lat' dir='ltr'><strong>equites</strong></span> <span class='ocrx_word' id='word_1_20' title='bbox 597 543 792 624; x_wconf 87' lang='lat' dir='ltr'><strong>proeliantur,</strong></span> <span class='ocrx_word' id='word_1_21' title='bbox 826 541 962 602; x_wconf 88' lang='lat' dir='ltr'><strong>Bocchus</strong></span> <span class='ocrx_word' id='word_1_22' title='bbox 991 560 1055 601; x_wconf 90' lang='lat' dir='ltr'><strong>cum</strong></span> <span class='ocrx_word' id='word_1_23' title='bbox 1083 539 1241 620; x_wconf 79' lang='lat' dir='ltr'>peditibus,</span> <span class='ocrx_word' id='word_1_24' title='bbox 1274 555 1387 617; x_wconf 84' lang='lat' dir='ltr'><strong>quns5</strong></span> 
     </span>
     <span class='ocr_line' id='line_1_4' title="bbox 182 651 1356 732; baseline -0.008 -14"><span class='ocrx_word' id='word_1_25' title='bbox 182 656 281 718; x_wconf 86' lang='lat' dir='ltr'><strong>Volux</strong></span> <span class='ocrx_word' id='word_1_26' title='bbox 300 655 376 716; x_wconf 89' lang='lat' dir='ltr'><strong>lilius</strong></span> <span class='ocrx_word' id='word_1_27' title='bbox 398 655 461 714; x_wconf 92' lang='lat' dir='ltr'><strong>eius</strong></span> <span class='ocrx_word' id='word_1_28' title='bbox 485 652 661 732; x_wconf 76' lang='lat' dir='ltr'><strong>adduxerat,</strong></span> <span class='ocrx_word' id='word_1_29' title='bbox 685 669 781 731; x_wconf 88' lang='lat' dir='ltr'><strong>neque</strong></span> <span class='ocrx_word' id='word_1_30' title='bbox 804 655 832 712; x_wconf 95' lang='lat' dir='ltr'><strong>in</strong></span> <span class='ocrx_word' id='word_1_31' title='bbox 855 654 954 732; x_wconf 89' lang='lat' dir='ltr'><strong>priore</strong></span> <span class='ocrx_word' id='word_1_32' title='bbox 979 652 1143 731; x_wconf 75' lang='lat' dir='ltr'><strong>pugna,·in</strong></span> <span class='ocrx_word' id='word_1_33' title='bbox 1166 651 1268 711; x_wconf 91' lang='lat' dir='ltr'><strong>itinere</strong></span> <span class='ocrx_word' id='word_1_34' title='bbox 1290 669 1356 710; x_wconf 91' lang='lat' dir='ltr'><strong>mo-</strong></span> 
     </span>
     <span class='ocr_line' id='line_1_5' title="bbox 182 761 1389 846; baseline -0.001 -18"><span class='ocrx_word' id='word_1_35' title='bbox 182 765 254 845; x_wconf 86' lang='lat' dir='ltr'><strong>rati,</strong></span> <span class='ocrx_word' id='word_1_36' title='bbox 285 766 442 843; x_wconf 80' lang='lat' dir='ltr'><strong>alluerant,</strong></span> <span class='ocrx_word' id='word_1_37' title='bbox 471 774 648 846; x_wconf 86' lang='lat' dir='ltr'><strong>postremam</strong></span> <span class='ocrx_word' id='word_1_38' title='bbox 669 764 865 825; x_wconf 87' lang='lat' dir='ltr'><strong>Romanorum</strong></span> <span class='ocrx_word' id='word_1_39' title='bbox 891 763 983 822; x_wconf 80' lang='lat' dir='ltr'><strong>aciem</strong></span> <span class='ocrx_word' id='word_1_40' title='bbox 1009 762 1155 822; x_wconf 89' lang='lat' dir='ltr'><strong>invadunt.</strong></span> <span class='ocrx_word' id='word_1_41' title='bbox 1199 761 1270 822; x_wconf 80' lang='lat' dir='ltr'><strong>&#39;l&#39;um</strong></span> <span class='ocrx_word' id='word_1_42' title='bbox 1292 763 1389 828; x_wconf 77' lang='lat' dir='ltr'><strong>bia-e</strong></span> 
     </span>
     <span class='ocr_line' id='line_1_6' title="bbox 183 872 1356 958; baseline -0.003 -22"><span class='ocrx_word' id='word_1_43' title='bbox 183 879 242 936; x_wconf 89' lang='lat' dir='ltr'><strong>rius</strong></span> <span class='ocrx_word' id='word_1_44' title='bbox 270 876 347 957; x_wconf 91' lang='lat' dir='ltr'><strong>apud</strong></span> <span class='ocrx_word' id='word_1_45' title='bbox 378 877 488 956; x_wconf 89' lang='lat' dir='ltr'><strong>primos</strong></span> <span class='ocrx_word' id='word_1_46' title='bbox 519 873 642 953; x_wconf 87' lang='lat' dir='ltr'><strong>agebat,</strong></span> <span class='ocrx_word' id='word_1_47' title='bbox 678 874 755 953; x_wconf 85' lang='lat' dir='ltr'><strong>quod</strong></span> <span class='ocrx_word' id='word_1_48' title='bbox 782 873 822 934; x_wconf 95' lang='lat' dir='ltr'><strong>ibi</strong></span> <span class='ocrx_word' id='word_1_49' title='bbox 851 873 986 958; x_wconf 86' lang='lat' dir='ltr'><strong>Iugurtha</strong></span> <span class='ocrx_word' id='word_1_50' title='bbox 1022 891 1085 933; x_wconf 90' lang='lat' dir='ltr'><strong>cum</strong></span> <span class='ocrx_word' id='word_1_51' title='bbox 1114 872 1252 957; x_wconf 79' lang='lat' dir='ltr'><strong>plurumis</strong></span> <span class='ocrx_word' id='word_1_52' title='bbox 1279 884 1356 934; x_wconf 87' lang='lat' dir='ltr'><strong>erat.</strong></span> 
     </span>
     <span class='ocr_line' id='line_1_7' title="bbox 183 983 1356 1065; baseline -0.004 -16"><span class='ocrx_word' id='word_1_53' title='bbox 183 986 259 1049; x_wconf 88' lang='lat' dir='ltr'><strong>Dein</strong></span> <span class='ocrx_word' id='word_1_54' title='bbox 277 985 416 1065; x_wconf 83' lang='lat' dir='ltr'><strong>Numida,</strong></span> <span class='ocrx_word' id='word_1_55' title='bbox 441 987 560 1064; x_wconf 82' lang='lat' dir='ltr'><strong>cognito</strong></span> <span class='ocrx_word' id='word_1_56' title='bbox 579 983 688 1044; x_wconf 90' lang='lat' dir='ltr'><strong>Bocchi</strong></span> <span class='ocrx_word' id='word_1_57' title='bbox 712 984 852 1061; x_wconf 85' lang='lat' dir='ltr'><strong>adventu,</strong></span> <span class='ocrx_word' id='word_1_58' title='bbox 877 983 951 1043; x_wconf 90' lang='lat' dir='ltr'><strong>clam</strong></span> <span class='ocrx_word' id='word_1_59' title='bbox 974 1001 1037 1042; x_wconf 88' lang='lat' dir='ltr'><strong>cum</strong></span> <span class='ocrx_word' id='word_1_60' title='bbox 1060 985 1161 1061; x_wconf 88' lang='lat' dir='ltr'><strong>paucis</strong></span> <span class='ocrx_word' id='word_1_61' title='bbox 1184 983 1220 1043; x_wconf 91' lang='lat' dir='ltr'><strong>ad</strong></span> <span class='ocrx_word' id='word_1_62' title='bbox 1237 983 1356 1062; x_wconf 80' lang='lat' dir='ltr'><strong>pedites</strong></span> 
     </span>
     <span class='ocr_line' id='line_1_8' title="bbox 185 1093 1355 1175; baseline -0.003 -18"><span class='ocrx_word' id='word_1_63' title='bbox 185 1099 346 1168; x_wconf 87' lang='lat' dir='ltr'><strong>convortit;</strong></span> <span class='ocrx_word' id='word_1_64' title='bbox 378 1097 418 1157; x_wconf 92' lang='lat' dir='ltr'><strong>ibi</strong></span> <span class='ocrx_word' id='word_1_65' title='bbox 437 1097 537 1158; x_wconf 88' lang='lat' dir='ltr'><strong>Latine</strong></span> <span class='ocrx_word' id='word_1_66' title='bbox 563 1097 644 1175; x_wconf 87' lang='lat' dir='ltr'><strong>(nam</strong></span> <span class='ocrx_word' id='word_1_67' title='bbox 666 1094 742 1174; x_wconf 88' lang='lat' dir='ltr'><strong>apud</strong></span> <span class='ocrx_word' id='word_1_68' title='bbox 764 1093 942 1155; x_wconf 73' lang='lat' dir='ltr'><strong>Numantiam</strong></span> <span class='ocrx_word' id='word_1_69' title='bbox 966 1093 1047 1171; x_wconf 88' lang='lat' dir='ltr'><strong>loqui</strong></span> <span class='ocrx_word' id='word_1_70' title='bbox 1068 1093 1224 1172; x_wconf 80' lang='lat' dir='ltr'><strong>didicerat)</strong></span> <span class='ocrx_word' id='word_1_71' title='bbox 1254 1093 1355 1154; x_wconf 82' lang='lat' dir='ltr'><strong>euola-</strong></span> 
     </span>
     <span class='ocr_line' id='line_1_9' title="bbox 183 1202 1355 1286; baseline -0.002 -20"><span class='ocrx_word' id='word_1_72' title='bbox 183 1215 257 1268; x_wconf 88' lang='lat' dir='ltr'><strong>mat:</strong></span> <span class='ocrx_word' id='word_1_73' title='bbox 281 1217 400 1269; x_wconf 87' lang='lat' dir='ltr'><strong>nostros</strong></span> <span class='ocrx_word' id='word_1_74' title='bbox 421 1208 525 1267; x_wconf 83' lang='lat' dir='ltr'><strong>frustra</strong></span> <span class='ocrx_word' id='word_1_75' title='bbox 549 1223 696 1286; x_wconf 88' lang='lat' dir='ltr'><strong>pugnare;</strong></span> <span class='ocrx_word' id='word_1_76' title='bbox 720 1202 807 1283; x_wconf 85' lang='lat' dir='ltr'><strong>paulo</strong></span> <span class='ocrx_word' id='word_1_77' title='bbox 825 1213 891 1263; x_wconf 89' lang='lat' dir='ltr'><strong>ante</strong></span> <span class='ocrx_word' id='word_1_78' title='bbox 911 1203 1031 1264; x_wconf 79' lang='lat' dir='ltr'><strong>blasium</strong></span> <span class='ocrx_word' id='word_1_79' title='bbox 1055 1222 1106 1264; x_wconf 90' lang='lat' dir='ltr'><strong>sua</strong></span> <span class='ocrx_word' id='word_1_80' title='bbox 1128 1221 1211 1263; x_wconf 88' lang='lat' dir='ltr'><strong>manu</strong></span> <span class='ocrx_word' id='word_1_81' title='bbox 1234 1205 1355 1264; x_wconf 87' lang='lat' dir='ltr'><strong>interie-</strong></span> 
     </span>
     <span class='ocr_line' id='line_1_10' title="bbox 185 1312 1354 1394; baseline -0.002 -17"><span class='ocrx_word' id='word_1_82' title='bbox 185 1325 276 1387; x_wconf 90' lang='lat' dir='ltr'><strong>ctum;</strong></span> <span class='ocrx_word' id='word_1_83' title='bbox 308 1317 389 1378; x_wconf 90' lang='lat' dir='ltr'><strong>simul</strong></span> <span class='ocrx_word' id='word_1_84' title='bbox 415 1315 541 1394; x_wconf 80' lang='lat' dir='ltr'><strong>gladium</strong></span> <span class='ocrx_word' id='word_1_85' title='bbox 567 1315 708 1393; x_wconf 84' lang='lat' dir='ltr'><strong>sanguine</strong></span> <span class='ocrx_word' id='word_1_86' title='bbox 738 1313 856 1373; x_wconf 89' lang='lat' dir='ltr'><strong>oblitum</strong></span> <span class='ocrx_word' id='word_1_87' title='bbox 884 1312 1055 1392; x_wconf 85' lang='lat' dir='ltr'><strong>ostendere,</strong></span> <span class='ocrx_word' id='word_1_88' title='bbox 1086 1332 1172 1394; x_wconf 88' lang='lat' dir='ltr'><strong>quem</strong></span> <span class='ocrx_word' id='word_1_89' title='bbox 1201 1315 1229 1373; x_wconf 95' lang='lat' dir='ltr'><strong>in</strong></span> <span class='ocrx_word' id='word_1_90' title='bbox 1255 1333 1354 1394; x_wconf 86' lang='lat' dir='ltr'><strong>pugna</strong></span> 
     </span>
     <span class='ocr_line' id='line_1_11' title="bbox 185 1423 1388 1504; baseline -0.002 -17"><span class='ocrx_word' id='word_1_91' title='bbox 185 1428 254 1487; x_wconf 89' lang='lat' dir='ltr'><strong>satis</strong></span> <span class='ocrx_word' id='word_1_92' title='bbox 282 1426 406 1504; x_wconf 78' lang='lat' dir='ltr'><strong>impigre</strong></span> <span class='ocrx_word' id='word_1_93' title='bbox 430 1426 530 1486; x_wconf 89' lang='lat' dir='ltr'><strong>occiso</strong></span> <span class='ocrx_word' id='word_1_94' title='bbox 554 1423 653 1504; x_wconf 85' lang='lat' dir='ltr'><strong>pedite</strong></span> <span class='ocrx_word' id='word_1_95' title='bbox 682 1433 782 1484; x_wconf 86' lang='lat' dir='ltr'><strong>nostro</strong></span> <span class='ocrx_word' id='word_1_96' title='bbox 807 1433 1018 1484; x_wconf 85' lang='lat' dir='ltr'><strong>cruentaverat.</strong></span> <span class='ocrx_word' id='word_1_97' title='bbox 1064 1424 1148 1500; x_wconf 83' lang='lat' dir='ltr'><strong>Quod</strong></span> <span class='ocrx_word' id='word_1_98' title='bbox 1177 1424 1227 1483; x_wconf 94' lang='lat' dir='ltr'><strong>ubi</strong></span> <span class='ocrx_word' id='word_1_99' title='bbox 1249 1425 1388 1486; x_wconf 73' lang='lat' dir='ltr'><strong>milites?</strong></span> 
     </span>
     <span class='ocr_line' id='line_1_12' title="bbox 185 1507 1356 1614; baseline 0.001 -20"><span class='ocrx_word' id='word_1_100' title='bbox 185 1552 350 1614; x_wconf 90' lang='lat' dir='ltr'><strong>accepere,</strong></span> <span class='ocrx_word' id='word_1_101' title='bbox 379 1507 472 1612; x_wconf 74' lang='lat' dir='ltr'><strong>ulagis</strong></span> <span class='ocrx_word' id='word_1_102' title='bbox 494 1534 646 1594; x_wconf 82' lang='lat' dir='ltr'><strong>atrocitate</strong></span> <span class='ocrx_word' id='word_1_103' title='bbox 668 1534 711 1593; x_wconf 90' lang='lat' dir='ltr'><strong>rei</strong></span> <span class='ocrx_word' id='word_1_104' title='bbox 734 1552 818 1612; x_wconf 89' lang='lat' dir='ltr'><strong>quarn</strong></span> <span class='ocrx_word' id='word_1_105' title='bbox 841 1534 896 1594; x_wconf 89' lang='lat' dir='ltr'><strong>lide</strong></span> <span class='ocrx_word' id='word_1_106' title='bbox 921 1537 999 1595; x_wconf 93' lang='lat' dir='ltr'><strong>nunti</strong></span> <span class='ocrx_word' id='word_1_107' title='bbox 1021 1544 1182 1612; x_wconf 89' lang='lat' dir='ltr'><strong>terrentur,</strong></span> <span class='ocrx_word' id='word_1_108' title='bbox 1212 1535 1356 1614; x_wconf 89' lang='lat' dir='ltr'><strong>simulque</strong></span> 
     </span>
     <span class='ocr_line' id='line_1_13' title="bbox 186 1642 1357 1724; baseline -0.002 -18"><span class='ocrx_word' id='word_1_109' title='bbox 186 1642 301 1706; x_wconf 87' lang='lat' dir='ltr'><strong>barbari</strong></span> <span class='ocrx_word' id='word_1_110' title='bbox 331 1645 441 1706; x_wconf 89' lang='lat' dir='ltr'><strong>animos</strong></span> <span class='ocrx_word' id='word_1_111' title='bbox 466 1644 574 1706; x_wconf 90' lang='lat' dir='ltr'><strong>tollere</strong></span> <span class='ocrx_word' id='word_1_112' title='bbox 606 1653 634 1704; x_wconf 91' lang='lat' dir='ltr'><strong>et</strong></span> <span class='ocrx_word' id='word_1_113' title='bbox 661 1647 689 1704; x_wconf 92' lang='lat' dir='ltr'><strong>in</strong></span> <span class='ocrx_word' id='word_1_114' title='bbox 718 1643 873 1724; x_wconf 87' lang='lat' dir='ltr'><strong>perculsos</strong></span> <span class='ocrx_word' id='word_1_115' title='bbox 898 1645 1047 1706; x_wconf 87' lang='lat' dir='ltr'><strong>Romanos</strong></span> <span class='ocrx_word' id='word_1_116' title='bbox 1081 1645 1357 1720; x_wconf 52' lang='lat' dir='ltr'><strong>acrius‘incedere.</strong></span> 
     </span>
     <span class='ocr_line' id='line_1_14' title="bbox 186 1754 1387 1836; baseline 0 -21"><span class='ocrx_word' id='word_1_117' title='bbox 186 1756 303 1834; x_wconf 86' lang='lat' dir='ltr'><strong>lamque</strong></span> <span class='ocrx_word' id='word_1_118' title='bbox 326 1756 442 1836; x_wconf 87' lang='lat' dir='ltr'><strong>paulum</strong></span> <span class='ocrx_word' id='word_1_119' title='bbox 465 1754 501 1817; x_wconf 91' lang='lat' dir='ltr'><strong>ab</strong></span> <span class='ocrx_word' id='word_1_120' title='bbox 522 1755 591 1835; x_wconf 89' lang='lat' dir='ltr'><strong>iuga</strong></span> <span class='ocrx_word' id='word_1_121' title='bbox 613 1754 749 1832; x_wconf 85' lang='lat' dir='ltr'><strong>aberant,</strong></span> <span class='ocrx_word' id='word_1_122' title='bbox 779 1773 863 1833; x_wconf 88' lang='lat' dir='ltr'><strong>quum</strong></span> <span class='ocrx_word' id='word_1_123' title='bbox 887 1755 984 1832; x_wconf 87' lang='lat' dir='ltr'><strong>Sulla,</strong></span> <span class='ocrx_word' id='word_1_124' title='bbox 1013 1755 1176 1834; x_wconf 85' lang='lat' dir='ltr'><strong>profligatis</strong></span> <span class='ocrx_word' id='word_1_125' title='bbox 1202 1755 1250 1832; x_wconf 89' lang='lat' dir='ltr'><strong>iis,</strong></span> <span class='ocrx_word' id='word_1_126' title='bbox 1281 1766 1387 1833; x_wconf 78' lang='lat' dir='ltr'><strong>quosss</strong></span> 
     </span>
     <span class='ocr_line' id='line_1_15' title="bbox 186 1865 1384 1945; baseline 0 -17"><span class='ocrx_word' id='word_1_127' title='bbox 186 1865 340 1929; x_wconf 83' lang='lat' dir='ltr'><strong>advorsum</strong></span> <span class='ocrx_word' id='word_1_128' title='bbox 367 1870 456 1945; x_wconf 90' lang='lat' dir='ltr'><strong>ierat,</strong></span> <span class='ocrx_word' id='word_1_129' title='bbox 487 1868 605 1928; x_wconf 86' lang='lat' dir='ltr'><strong>rediens</strong></span> <span class='ocrx_word' id='word_1_130' title='bbox 628 1867 663 1928; x_wconf 91' lang='lat' dir='ltr'><strong>ab</strong></span> <span class='ocrx_word' id='word_1_131' title='bbox 693 1867 785 1928; x_wconf 87' lang='lat' dir='ltr'><strong>latere</strong></span> <span class='ocrx_word' id='word_1_132' title='bbox 805 1865 912 1928; x_wconf 88' lang='lat' dir='ltr'><strong>Mauris</strong></span> <span class='ocrx_word' id='word_1_133' title='bbox 933 1866 1062 1926; x_wconf 91' lang='lat' dir='ltr'><strong>incurrit.</strong></span> <span class='ocrx_word' id='word_1_134' title='bbox 1105 1865 1240 1926; x_wconf 86' lang='lat' dir='ltr'><strong>Bocchus</strong></span> <span class='ocrx_word' id='word_1_135' title='bbox 1260 1867 1384 1928; x_wconf 81' lang='lat' dir='ltr'><strong>statimb</strong></span> 
     </span>
     <span class='ocr_line' id='line_1_16' title="bbox 186 1976 1356 2056; baseline -0.001 -19"><span class='ocrx_word' id='word_1_136' title='bbox 186 1979 336 2038; x_wconf 85' lang='lat' dir='ltr'><strong>avortitur.</strong></span> <span class='ocrx_word' id='word_1_137' title='bbox 380 1979 419 2039; x_wconf 79' lang='lat' dir='ltr'><strong>Au</strong></span> <span class='ocrx_word' id='word_1_138' title='bbox 441 1979 592 2056; x_wconf 90' lang='lat' dir='ltr'><strong>lugurtba,</strong></span> <span class='ocrx_word' id='word_1_139' title='bbox 614 1977 680 2037; x_wconf 91' lang='lat' dir='ltr'><strong>dum</strong></span> <span class='ocrx_word' id='word_1_140' title='bbox 703 1985 865 2037; x_wconf 89' lang='lat' dir='ltr'><strong>sustentare</strong></span> <span class='ocrx_word' id='word_1_141' title='bbox 889 1993 958 2036; x_wconf 89' lang='lat' dir='ltr'><strong>suos</strong></span> <span class='ocrx_word' id='word_1_142' title='bbox 978 1985 1007 2036; x_wconf 91' lang='lat' dir='ltr'><strong>et</strong></span> <span class='ocrx_word' id='word_1_143' title='bbox 1030 1993 1125 2056; x_wconf 90' lang='lat' dir='ltr'><strong>prope</strong></span> <span class='ocrx_word' id='word_1_144' title='bbox 1144 1977 1199 2036; x_wconf 90' lang='lat' dir='ltr'><strong>iam</strong></span> <span class='ocrx_word' id='word_1_145' title='bbox 1222 1976 1356 2056; x_wconf 89' lang='lat' dir='ltr'><strong>adeptam</strong></span> 
     </span>
     <span class='ocr_line' id='line_1_17' title="bbox 187 2085 1356 2168; baseline 0.003 -22"><span class='ocrx_word' id='word_1_146' title='bbox 187 2088 338 2149; x_wconf 88' lang='lat' dir='ltr'><strong>victoriam</strong></span> <span class='ocrx_word' id='word_1_147' title='bbox 355 2090 483 2149; x_wconf 88' lang='lat' dir='ltr'><strong>retinere</strong></span> <span class='ocrx_word' id='word_1_148' title='bbox 507 2090 599 2168; x_wconf 91' lang='lat' dir='ltr'><strong>cupit,</strong></span> <span class='ocrx_word' id='word_1_149' title='bbox 628 2088 842 2148; x_wconf 89' lang='lat' dir='ltr'><strong>circumuentus</strong></span> <span class='ocrx_word' id='word_1_150' title='bbox 863 2085 899 2144; x_wconf 91' lang='lat' dir='ltr'><strong>ab</strong></span> <span class='ocrx_word' id='word_1_151' title='bbox 921 2085 1082 2164; x_wconf 90' lang='lat' dir='ltr'><strong>equitibus,</strong></span> <span class='ocrx_word' id='word_1_152' title='bbox 1112 2086 1214 2148; x_wconf 86' lang='lat' dir='ltr'><strong>dextra</strong></span> <span class='ocrx_word' id='word_1_153' title='bbox 1241 2089 1356 2149; x_wconf 89' lang='lat' dir='ltr'><strong>sinistra</strong></span> 
     </span>
     <span class='ocr_line' id='line_1_18' title="bbox 187 2195 1403 2279; baseline 0.002 -22"><span class='ocrx_word' id='word_1_154' title='bbox 187 2196 319 2257; x_wconf 89' lang='lat' dir='ltr'><strong>omnibus</strong></span> <span class='ocrx_word' id='word_1_155' title='bbox 338 2199 460 2275; x_wconf 86' lang='lat' dir='ltr'><strong>occisis,</strong></span> <span class='ocrx_word' id='word_1_156' title='bbox 482 2199 562 2259; x_wconf 90' lang='lat' dir='ltr'><strong>solus</strong></span> <span class='ocrx_word' id='word_1_157' title='bbox 581 2200 656 2256; x_wconf 90' lang='lat' dir='ltr'><strong>inter</strong></span> <span class='ocrx_word' id='word_1_158' title='bbox 675 2195 733 2255; x_wconf 89' lang='lat' dir='ltr'><strong>tela</strong></span> <span class='ocrx_word' id='word_1_159' title='bbox 754 2195 879 2255; x_wconf 90' lang='lat' dir='ltr'><strong>hostium</strong></span> <span class='ocrx_word' id='word_1_160' title='bbox 897 2195 1067 2256; x_wconf 90' lang='lat' dir='ltr'><strong>vitabundus</strong></span> <span class='ocrx_word' id='word_1_161' title='bbox 1087 2197 1219 2277; x_wconf 90' lang='lat' dir='ltr'><strong>erumpit.</strong></span> <span class='ocrx_word' id='word_1_162' title='bbox 1256 2199 1354 2279; x_wconf 77' lang='lat' dir='ltr'><strong>Atque</strong></span> <span class='ocrx_word' id='word_1_163' title='bbox 1368 2208 1403 2259; x_wconf 85' lang='lat' dir='ltr'><strong>lo</strong></span> 
     </span>
     <span class='ocr_line' id='line_1_19' title="bbox 188 2303 1357 2389; baseline 0.004 -25"><span class='ocrx_word' id='word_1_164' title='bbox 188 2306 300 2364; x_wconf 89' lang='lat' dir='ltr'><strong>interim</strong></span> <span class='ocrx_word' id='word_1_165' title='bbox 320 2307 427 2365; x_wconf 89' lang='lat' dir='ltr'><strong>blarius</strong></span> <span class='ocrx_word' id='word_1_166' title='bbox 451 2306 557 2385; x_wconf 86' lang='lat' dir='ltr'><strong>lugetis</strong></span> <span class='ocrx_word' id='word_1_167' title='bbox 577 2303 721 2382; x_wconf 88' lang='lat' dir='ltr'><strong>equitibus</strong></span> <span class='ocrx_word' id='word_1_168' title='bbox 743 2306 868 2365; x_wconf 87' lang='lat' dir='ltr'><strong>accurrit</strong></span> <span class='ocrx_word' id='word_1_169' title='bbox 890 2306 997 2366; x_wconf 85' lang='lat' dir='ltr'><strong>auxilio</strong></span> <span class='ocrx_word' id='word_1_170' title='bbox 1019 2307 1092 2384; x_wconf 90' lang='lat' dir='ltr'><strong>suis,</strong></span> <span class='ocrx_word' id='word_1_171' title='bbox 1115 2326 1190 2389; x_wconf 88' lang='lat' dir='ltr'><strong>quos</strong></span> <span class='ocrx_word' id='word_1_172' title='bbox 1209 2309 1279 2388; x_wconf 90' lang='lat' dir='ltr'><strong>pelli</strong></span> <span class='ocrx_word' id='word_1_173' title='bbox 1302 2311 1357 2370; x_wconf 91' lang='lat' dir='ltr'><strong>iam</strong></span> 
     </span>
     <span class='ocr_line' id='line_1_20' title="bbox 188 2393 1399 2500; baseline 0.003 -26"><span class='ocrx_word' id='word_1_174' title='bbox 188 2421 356 2491; x_wconf 87' lang='lat' dir='ltr'><strong>acceperat.</strong></span> <span class='ocrx_word' id='word_1_175' title='bbox 409 2413 540 2493; x_wconf 89' lang='lat' dir='ltr'><strong>Denique</strong></span> <span class='ocrx_word' id='word_1_176' title='bbox 567 2393 668 2474; x_wconf 90' lang='lat' dir='ltr'><strong>hostes</strong></span> <span class='ocrx_word' id='word_1_177' title='bbox 699 2416 758 2475; x_wconf 63' lang='lat' dir='ltr'><strong>iam&#39;</strong></span> <span class='ocrx_word' id='word_1_178' title='bbox 784 2415 910 2493; x_wconf 88' lang='lat' dir='ltr'><strong>undique</strong></span> <span class='ocrx_word' id='word_1_179' title='bbox 940 2416 1005 2475; x_wconf 85' lang='lat' dir='ltr'><strong>iusi.</strong></span> <span class='ocrx_word' id='word_1_180' title='bbox 1056 2417 1127 2477; x_wconf 79' lang='lat' dir='ltr'><strong>l&#39;um</strong></span> <span class='ocrx_word' id='word_1_181' title='bbox 1157 2419 1399 2500; x_wconf 88' lang='lat' dir='ltr'><strong>spectaculumll</strong></span> 
     </span>
     <span class='ocr_line' id='line_1_21' title="bbox 188 2519 1358 2608; baseline 0.005 -26"><span class='ocrx_word' id='word_1_182' title='bbox 188 2519 328 2582; x_wconf 88' lang='lat' dir='ltr'><strong>horribile</strong></span> <span class='ocrx_word' id='word_1_183' title='bbox 351 2521 379 2578; x_wconf 93' lang='lat' dir='ltr'><strong>in</strong></span> <span class='ocrx_word' id='word_1_184' title='bbox 401 2523 511 2600; x_wconf 89' lang='lat' dir='ltr'><strong>campis</strong></span> <span class='ocrx_word' id='word_1_185' title='bbox 538 2525 716 2600; x_wconf 88' lang='lat' dir='ltr'><strong>patentibus;</strong></span> <span class='ocrx_word' id='word_1_186' title='bbox 748 2527 831 2603; x_wconf 88' lang='lat' dir='ltr'><strong>sequi</strong></span> <span class='ocrx_word' id='word_1_187' title='bbox 853 2525 974 2602; x_wconf 84' lang='lat' dir='ltr'><strong>lugere,</strong></span> <span class='ocrx_word' id='word_1_188' title='bbox 998 2528 1093 2588; x_wconf 91' lang='lat' dir='ltr'><strong>occidi</strong></span> <span class='ocrx_word' id='word_1_189' title='bbox 1114 2530 1195 2607; x_wconf 71' lang='lat' dir='ltr'><strong>capi:</strong></span> <span class='ocrx_word' id='word_1_190' title='bbox 1228 2531 1295 2608; x_wconf 89' lang='lat' dir='ltr'><strong>equi</strong></span> <span class='ocrx_word' id='word_1_191' title='bbox 1317 2537 1358 2588; x_wconf 88' lang='lat' dir='ltr'><strong>at-</strong></span> 
     </span>
     <span class='ocr_line' id='line_1_22' title="bbox 190 2631 1403 2719; baseline 0.009 -29"><span class='ocrx_word' id='word_1_192' title='bbox 190 2650 247 2711; x_wconf 86' lang='lat' dir='ltr'><strong>que</strong></span> <span class='ocrx_word' id='word_1_193' title='bbox 275 2631 329 2691; x_wconf 88' lang='lat' dir='ltr'><strong>viri</strong></span> <span class='ocrx_word' id='word_1_194' title='bbox 352 2631 466 2708; x_wconf 85' lang='lat' dir='ltr'><strong>afilicti,</strong></span> <span class='ocrx_word' id='word_1_195' title='bbox 500 2649 535 2691; x_wconf 90' lang='lat' dir='ltr'><strong>ac</strong></span> <span class='ocrx_word' id='word_1_196' title='bbox 557 2633 637 2692; x_wconf 88' lang='lat' dir='ltr'><strong>multi</strong></span> <span class='ocrx_word' id='word_1_197' title='bbox 659 2634 827 2695; x_wconf 87' lang='lat' dir='ltr'><strong>volneribus</strong></span> <span class='ocrx_word' id='word_1_198' title='bbox 851 2637 982 2716; x_wconf 88' lang='lat' dir='ltr'><strong>acceptis</strong></span> <span class='ocrx_word' id='word_1_199' title='bbox 1009 2657 1103 2716; x_wconf 85' lang='lat' dir='ltr'><strong>neque</strong></span> <span class='ocrx_word' id='word_1_200' title='bbox 1129 2640 1234 2718; x_wconf 88' lang='lat' dir='ltr'><strong>lugere</strong></span> <span class='ocrx_word' id='word_1_201' title='bbox 1257 2659 1357 2719; x_wconf 89' lang='lat' dir='ltr'><strong>posse,</strong></span> <span class='ocrx_word' id='word_1_202' title='bbox 1397 2674 1403 2684; x_wconf 84' lang='lat'><em>·</em></span> 
     </span>
     <span class='ocr_line' id='line_1_23' title="bbox 189 2743 1357 2831; baseline 0.007 -29"><span class='ocrx_word' id='word_1_203' title='bbox 189 2760 286 2822; x_wconf 88' lang='lat' dir='ltr'><strong>neque</strong></span> <span class='ocrx_word' id='word_1_204' title='bbox 316 2744 441 2823; x_wconf 89' lang='lat' dir='ltr'><strong>quietem</strong></span> <span class='ocrx_word' id='word_1_205' title='bbox 474 2743 547 2822; x_wconf 88' lang='lat' dir='ltr'><strong>pati,</strong></span> <span class='ocrx_word' id='word_1_206' title='bbox 584 2743 633 2802; x_wconf 92' lang='lat' dir='ltr'><strong>niti</strong></span> <span class='ocrx_word' id='word_1_207' title='bbox 663 2745 766 2823; x_wconf 90' lang='lat' dir='ltr'><strong>modo,</strong></span> <span class='ocrx_word' id='word_1_208' title='bbox 804 2765 839 2806; x_wconf 90' lang='lat' dir='ltr'><strong>ac</strong></span> <span class='ocrx_word' id='word_1_209' title='bbox 872 2748 965 2807; x_wconf 89' lang='lat' dir='ltr'><strong>statim</strong></span> <span class='ocrx_word' id='word_1_210' title='bbox 994 2748 1166 2820; x_wconf 90' lang='lat' dir='ltr'><strong>concidere;</strong></span> <span class='ocrx_word' id='word_1_211' title='bbox 1208 2759 1357 2831; x_wconf 89' lang='lat' dir='ltr'><strong>postremo</strong></span> 
     </span>
     <span class='ocr_line' id='line_1_24' title="bbox 191 2855 1358 2935; baseline 0.005 -21"><span class='ocrx_word' id='word_1_212' title='bbox 191 2855 300 2933; x_wconf 90' lang='lat' dir='ltr'><strong>omnia,</strong></span> <span class='ocrx_word' id='word_1_213' title='bbox 329 2873 384 2935; x_wconf 88' lang='lat' dir='ltr'><strong>qua</strong></span> <span class='ocrx_word' id='word_1_214' title='bbox 408 2855 486 2913; x_wconf 88' lang='lat' dir='ltr'><strong>visus</strong></span> <span class='ocrx_word' id='word_1_215' title='bbox 507 2862 586 2931; x_wconf 89' lang='lat' dir='ltr'><strong>erat,</strong></span> <span class='ocrx_word' id='word_1_216' title='bbox 617 2861 762 2914; x_wconf 88' lang='lat' dir='ltr'><strong>constrata</strong></span> <span class='ocrx_word' id='word_1_217' title='bbox 785 2855 868 2933; x_wconf 90' lang='lat' dir='ltr'><strong>telis,</strong></span> <span class='ocrx_word' id='word_1_218' title='bbox 892 2857 993 2935; x_wconf 89' lang='lat' dir='ltr'><strong>armis,</strong></span> <span class='ocrx_word' id='word_1_219' title='bbox 1018 2858 1210 2921; x_wconf 86' lang='lat' dir='ltr'><strong>cadaveribus</strong></span> <span class='ocrx_word' id='word_1_220' title='bbox 1232 2870 1261 2921; x_wconf 92' lang='lat' dir='ltr'><strong>et</strong></span> <span class='ocrx_word' id='word_1_221' title='bbox 1284 2861 1358 2920; x_wconf 89' lang='lat' dir='ltr'><strong>inter</strong></span> 
     </span>
     <span class='ocr_line' id='line_1_25' title="bbox 190 2965 644 3044; baseline -0.011 -16"><span class='ocrx_word' id='word_1_222' title='bbox 190 2985 226 3028; x_wconf 86' lang='lat' dir='ltr'><strong>ca</strong></span> <span class='ocrx_word' id='word_1_223' title='bbox 245 2965 346 3028; x_wconf 89' lang='lat' dir='ltr'><strong>burnus</strong></span> <span class='ocrx_word' id='word_1_224' title='bbox 368 2967 474 3026; x_wconf 89' lang='lat' dir='ltr'><strong>iniecta</strong></span> <span class='ocrx_word' id='word_1_225' title='bbox 494 2966 644 3044; x_wconf 89' lang='lat' dir='ltr'><strong>sauguine.</strong></span> 
     </span>
    </p>
   </div>
   <div class='ocr_carea' id='block_1_3' title="bbox 189 3147 1361 3685">
    <p class='ocr_par' dir='ltr' id='par_1_3' title="bbox 189 3147 1361 3685">
     <span class='ocr_line' id='line_1_26' title="bbox 189 3147 1361 3220; baseline 0.007 -20"><span class='ocrx_word' id='word_1_226' title='bbox 189 3160 285 3214; x_wconf 84' lang='lat' dir='ltr'><strong>parte</strong></span> <span class='ocrx_word' id='word_1_227' title='bbox 300 3157 449 3218; x_wconf 83' lang='lat' dir='ltr'><strong>equitum,</strong></span> <span class='ocrx_word' id='word_1_228' title='bbox 470 3153 565 3218; x_wconf 88' lang='lat' dir='ltr'><strong>quibus</strong></span> <span class='ocrx_word' id='word_1_229' title='bbox 585 3153 757 3216; x_wconf 90' lang='lat' dir='ltr'><strong>opponuntur</strong></span> <span class='ocrx_word' id='word_1_230' title='bbox 798 3147 983 3215; x_wconf 85' lang='lat' dir='ltr'><strong>confirmaret,</strong></span> <span class='ocrx_word' id='word_1_231' title='bbox 1003 3155 1093 3205; x_wconf 83' lang='lat' dir='ltr'><strong>sedat</strong></span> <span class='ocrx_word' id='word_1_232' title='bbox 1106 3158 1252 3220; x_wconf 86' lang='lat' dir='ltr'><strong>Romanos,</strong></span> <span class='ocrx_word' id='word_1_233' title='bbox 1272 3157 1300 3208; x_wconf 93' lang='lat' dir='ltr'><strong>id</strong></span> <span class='ocrx_word' id='word_1_234' title='bbox 1312 3174 1361 3208; x_wconf 86' lang='lat' dir='ltr'><strong>au·</strong></span> 
     </span>
     <span class='ocr_line' id='line_1_27' title="bbox 192 3228 1117 3296; baseline 0.005 -18"><span class='ocrx_word' id='word_1_235' title='bbox 192 3233 283 3290; x_wconf 75' lang='lat' dir='ltr'><strong>estest,</strong></span> <span class='ocrx_word' id='word_1_236' title='bbox 318 3247 357 3284; x_wconf 86' lang='lat' dir='ltr'><strong>se.</strong></span> <span class='ocrx_word' id='word_1_237' title='bbox 394 3235 502 3296; x_wconf 84' lang='lat' dir='ltr'><strong>equites,</strong></span> <span class='ocrx_word' id='word_1_238' title='bbox 542 3245 610 3293; x_wconf 85' lang='lat' dir='ltr'><strong>quos</strong></span> <span class='ocrx_word' id='word_1_239' title='bbox 642 3228 758 3280; x_wconf 84' lang='lat' dir='ltr'><strong>subsidii</strong></span> <span class='ocrx_word' id='word_1_240' title='bbox 798 3228 917 3292; x_wconf 89' lang='lat' dir='ltr'><strong>dientes,</strong></span> <span class='ocrx_word' id='word_1_241' title='bbox 937 3232 1117 3293; x_wconf 83' lang='lat' dir='ltr'><strong>perturbaret.</strong></span> 
     </span>
     <span class='ocr_line' id='line_1_28' title="bbox 195 3306 1360 3378; baseline 0.006 -22"><span class='ocrx_word' id='word_1_242' title='bbox 195 3323 292 3357; x_wconf 85' lang='lat' dir='ltr'><strong>caussa</strong></span> <span class='ocrx_word' id='word_1_243' title='bbox 311 3309 482 3374; x_wconf 82' lang='lat' dir='ltr'><strong>relinquebat</strong></span> <span class='ocrx_word' id='word_1_244' title='bbox 499 3306 583 3358; x_wconf 83' lang='lat' dir='ltr'><strong>Sulla.</strong></span> <span class='ocrx_word' id='word_1_245' title='bbox 835 3307 860 3358; x_wconf 88' lang='lat'><strong>7.</strong></span> <span class='ocrx_word' id='word_1_246' title='bbox 879 3321 951 3370; x_wconf 82' lang='lat' dir='ltr'><strong>quam</strong></span> <span class='ocrx_word' id='word_1_247' title='bbox 966 3309 1017 3368; x_wconf 69' lang='lat' dir='ltr'><strong>fide</strong></span> <span class='ocrx_word' id='word_1_248' title='bbox 1034 3309 1113 3375; x_wconf 83' lang='lat' dir='ltr'><strong>nanti]</strong></span> <span class='ocrx_word' id='word_1_249' title='bbox 1140 3313 1159 3363; x_wconf 89' lang='lat' dir='ltr'><strong>i.</strong></span> <span class='ocrx_word' id='word_1_250' title='bbox 1180 3329 1203 3364; x_wconf 87' lang='lat' dir='ltr'><strong>e.</strong></span> <span class='ocrx_word' id='word_1_251' title='bbox 1219 3329 1300 3378; x_wconf 87' lang='lat' dir='ltr'><strong>qnam</strong></span> <span class='ocrx_word' id='word_1_252' title='bbox 1318 3329 1360 3374; x_wconf 88' lang='lat' dir='ltr'><strong>oo,</strong></span> 
     </span>
     <span class='ocr_line' id='line_1_29' title="bbox 229 3383 1361 3454; baseline 0.004 -16"><span class='ocrx_word' id='word_1_253' title='bbox 229 3391 254 3441; x_wconf 82' lang='lat'><strong>5.</strong></span> <span class='ocrx_word' id='word_1_254' title='bbox 283 3406 361 3454; x_wconf 83' lang='lat' dir='ltr'><strong>neque</strong></span> <span class='ocrx_word' id='word_1_255' title='bbox 386 3417 418 3425; x_wconf 91' lang='lat'>-</span> <span class='ocrx_word' id='word_1_256' title='bbox 444 3388 581 3454; x_wconf 84' lang='lat' dir='ltr'><strong>affuerant]</strong></span> <span class='ocrx_word' id='word_1_257' title='bbox 615 3391 657 3438; x_wconf 86' lang='lat' dir='ltr'><strong>Ex</strong></span> <span class='ocrx_word' id='word_1_258' title='bbox 680 3403 757 3452; x_wconf 85' lang='lat' dir='ltr'><strong>prae·</strong></span> <span class='ocrx_word' id='word_1_259' title='bbox 800 3383 873 3447; x_wconf 89' lang='lat' dir='ltr'><strong>quod</strong></span> <span class='ocrx_word' id='word_1_260' title='bbox 897 3401 930 3434; x_wconf 86' lang='lat' dir='ltr'><strong>ex</strong></span> <span class='ocrx_word' id='word_1_261' title='bbox 953 3383 1032 3434; x_wconf 88' lang='lat' dir='ltr'><strong>hoste</strong></span> <span class='ocrx_word' id='word_1_262' title='bbox 1050 3386 1077 3435; x_wconf 91' lang='lat' dir='ltr'><strong>id</strong></span> <span class='ocrx_word' id='word_1_263' title='bbox 1096 3390 1258 3453; x_wconf 83' lang='lat' dir='ltr'><strong>audiebant,</strong></span> <span class='ocrx_word' id='word_1_264' title='bbox 1283 3392 1361 3442; x_wconf 86' lang='lat' dir='ltr'><strong>cuius</strong></span> 
     </span>
     <span class='ocr_line' id='line_1_30' title="bbox 193 3461 1288 3531; baseline 0.003 -16"><span class='ocrx_word' id='word_1_265' title='bbox 193 3479 287 3531; x_wconf 80' lang='lat' dir='ltr'><strong>gnessc</strong></span> <span class='ocrx_word' id='word_1_266' title='bbox 311 3481 372 3530; x_wconf 85' lang='lat' dir='ltr'><strong>quos</strong></span> <span class='ocrx_word' id='word_1_267' title='bbox 396 3465 554 3515; x_wconf 82' lang='lat' dir='ltr'><strong>accusativo</strong></span> <span class='ocrx_word' id='word_1_268' title='bbox 583 3464 677 3529; x_wconf 88' lang='lat' dir='ltr'><strong>supple</strong></span> <span class='ocrx_word' id='word_1_269' title='bbox 700 3467 758 3529; x_wconf 84' lang='lat' dir='ltr'><strong>qui,·</strong></span> <span class='ocrx_word' id='word_1_270' title='bbox 800 3461 867 3511; x_wconf 89' lang='lat' dir='ltr'><strong>fides</strong></span> <span class='ocrx_word' id='word_1_271' title='bbox 886 3462 920 3512; x_wconf 87' lang='lat' dir='ltr'><strong>iis</strong></span> <span class='ocrx_word' id='word_1_272' title='bbox 939 3468 1066 3528; x_wconf 85' lang='lat' dir='ltr'><strong>suspecta</strong></span> <span class='ocrx_word' id='word_1_273' title='bbox 1085 3479 1144 3514; x_wconf 87' lang='lat' dir='ltr'><strong>esse</strong></span> <span class='ocrx_word' id='word_1_274' title='bbox 1164 3465 1288 3520; x_wconf 85' lang='lat' dir='ltr'><strong>debebat.</strong></span> 
     </span>
     <span class='ocr_line' id='line_1_31' title="bbox 194 3539 1307 3606; baseline 0.003 -14"><span class='ocrx_word' id='word_1_275' title='bbox 194 3559 221 3592; x_wconf 88' lang='lat' dir='ltr'><strong>v.</strong></span> <span class='ocrx_word' id='word_1_276' title='bbox 241 3541 277 3592; x_wconf 86' lang='lat' dir='ltr'><strong>ad</strong></span> <span class='ocrx_word' id='word_1_277' title='bbox 294 3541 356 3606; x_wconf 85' lang='lat' dir='ltr'><strong>Ing.</strong></span> <span class='ocrx_word' id='word_1_278' title='bbox 376 3544 421 3605; x_wconf 88' lang='grc'><strong>14,</strong></span> <span class='ocrx_word' id='word_1_279' title='bbox 443 3543 484 3594; x_wconf 87' lang='grc'><strong>16.</strong></span> <span class='ocrx_word' id='word_1_280' title='bbox 834 3539 963 3606; x_wconf 81' lang='lat' dir='ltr'><strong>simulque]</strong></span> <span class='ocrx_word' id='word_1_281' title='bbox 991 3557 1030 3592; x_wconf 86' lang='lat' dir='ltr'><strong>sc.</strong></span> <span class='ocrx_word' id='word_1_282' title='bbox 1046 3544 1149 3594; x_wconf 86' lang='lat' dir='ltr'><strong>territis</strong></span> <span class='ocrx_word' id='word_1_283' title='bbox 1169 3545 1307 3598; x_wconf 84' lang='lat' dir='ltr'><strong>Romanis.</strong></span> 
     </span>
     <span class='ocr_line' id='line_1_32' title="bbox 229 3616 1197 3685; baseline 0.001 -14"><span class='ocrx_word' id='word_1_284' title='bbox 229 3624 254 3672; x_wconf 83' lang='lat' dir='ltr'><strong>in</strong></span> <span class='ocrx_word' id='word_1_285' title='bbox 270 3623 358 3682; x_wconf 81' lang='lat' dir='ltr'><strong>priore</strong></span> <span class='ocrx_word' id='word_1_286' title='bbox 370 3616 466 3685; x_wconf 76' lang='lat' dir='ltr'><strong>pugna]</strong></span> <span class='ocrx_word' id='word_1_287' title='bbox 492 3618 527 3671; x_wconf 84' lang='lat' dir='ltr'><strong>cl.</strong></span> <span class='ocrx_word' id='word_1_288' title='bbox 547 3634 571 3672; x_wconf 89' lang='lat' dir='ltr'><strong>c.</strong></span> <span class='ocrx_word' id='word_1_289' title='bbox 590 3617 702 3670; x_wconf 85' lang='grc'><strong>97-99,</strong></span> <span class='ocrx_word' id='word_1_290' title='bbox 836 3616 861 3669; x_wconf 88' lang='grc'><strong>8.</strong></span> <span class='ocrx_word' id='word_1_291' title='bbox 881 3617 998 3684; x_wconf 82' lang='lat' dir='ltr'><strong>aberant]</strong></span> <span class='ocrx_word' id='word_1_292' title='bbox 1021 3635 1059 3672; x_wconf 89' lang='lat' dir='ltr'><strong>sc.</strong></span> <span class='ocrx_word' id='word_1_293' title='bbox 1071 3622 1197 3672; x_wconf 86' lang='lat' dir='ltr'><strong>Romani.</strong></span> 
     </span>
    </p>
   </div>
   <div class='ocr_carea' id='block_1_4' title="bbox 194 3701 1365 4242">
    <p class='ocr_par' dir='ltr' id='par_1_4' title="bbox 194 3701 1365 4242">
     <span class='ocr_line' id='line_1_33' title="bbox 230 3701 1362 3772; baseline -0.005 -12"><span class='ocrx_word' id='word_1_294' title='bbox 230 3709 256 3762; x_wconf 83' lang='grc'><strong>6.</strong></span> <span class='ocrx_word' id='word_1_295' title='bbox 277 3705 393 3772; x_wconf 83' lang='lat' dir='ltr'><strong>Numida]</strong></span> <span class='ocrx_word' id='word_1_296' title='bbox 414 3706 431 3759; x_wconf 89' lang='lat' dir='ltr'><strong>i.</strong></span> <span class='ocrx_word' id='word_1_297' title='bbox 454 3722 476 3759; x_wconf 89' lang='lat' dir='ltr'><strong>e.</strong></span> <span class='ocrx_word' id='word_1_298' title='bbox 497 3704 639 3771; x_wconf 85' lang='lat' dir='ltr'><strong>Iugurtha.</strong></span> <span class='ocrx_word' id='word_1_299' title='bbox 839 3701 879 3756; x_wconf 84' lang='lat' dir='ltr'><strong>to.</strong></span> <span class='ocrx_word' id='word_1_300' title='bbox 899 3703 1019 3770; x_wconf 78' lang='lat' dir='ltr'><strong>accurrit]</strong></span> <span class='ocrx_word' id='word_1_301' title='bbox 1036 3719 1074 3758; x_wconf 85' lang='lat' dir='ltr'><strong>sc.</strong></span> <span class='ocrx_word' id='word_1_302' title='bbox 1087 3706 1215 3771; x_wconf 76' lang='lat' dir='ltr'><strong>oprimis,</strong></span> <span class='ocrx_word' id='word_1_303' title='bbox 1229 3705 1286 3768; x_wconf 90' lang='lat' dir='ltr'><strong>ubi,</strong></span> <span class='ocrx_word' id='word_1_304' title='bbox 1301 3704 1362 3754; x_wconf 86' lang='lat' dir='ltr'><strong>dum</strong></span> 
     </span>
     <span class='ocr_line' id='line_1_34' title="bbox 229 3780 1365 3850; baseline -0.006 -12"><span class='ocrx_word' id='word_1_305' title='bbox 229 3791 292 3838; x_wconf 85' lang='lat' dir='ltr'><strong>elam</strong></span> <span class='ocrx_word' id='word_1_306' title='bbox 309 3815 343 3823; x_wconf 85' lang='lat'>-</span> <span class='ocrx_word' id='word_1_307' title='bbox 362 3787 398 3836; x_wconf 85' lang='lat' dir='ltr'><strong>ad</strong></span> <span class='ocrx_word' id='word_1_308' title='bbox 406 3786 505 3849; x_wconf 83' lang='lat' dir='ltr'><strong>pedites</strong></span> <span class='ocrx_word' id='word_1_309' title='bbox 521 3782 652 3850; x_wconf 82' lang='lat' dir='ltr'><strong>conuertit]</strong></span> <span class='ocrx_word' id='word_1_310' title='bbox 672 3783 758 3834; x_wconf 84' lang='lat' dir='ltr'><strong>Paulo</strong></span> <span class='ocrx_word' id='word_1_311' title='bbox 801 3780 870 3830; x_wconf 88' lang='lat' dir='ltr'><strong>haec</strong></span> <span class='ocrx_word' id='word_1_312' title='bbox 883 3782 956 3846; x_wconf 87' lang='lat' dir='ltr'><strong>apud</strong></span> <span class='ocrx_word' id='word_1_313' title='bbox 970 3787 1120 3847; x_wconf 88' lang='lat' dir='ltr'><strong>postremos</strong></span> <span class='ocrx_word' id='word_1_314' title='bbox 1136 3786 1268 3849; x_wconf 87' lang='lat' dir='ltr'><strong>aguntur,</strong></span> <span class='ocrx_word' id='word_1_315' title='bbox 1289 3797 1365 3832; x_wconf 85' lang='lat' dir='ltr'><strong>eura-</strong></span> 
     </span>
     <span class='ocr_line' id='line_1_35' title="bbox 194 3858 1001 3920; baseline -0.007 -3"><span class='ocrx_word' id='word_1_316' title='bbox 194 3866 303 3916; x_wconf 87' lang='lat' dir='ltr'><strong>brevius</strong></span> <span class='ocrx_word' id='word_1_317' title='bbox 328 3868 442 3913; x_wconf 85' lang='lat' dir='ltr'><strong>narrata</strong></span> <span class='ocrx_word' id='word_1_318' title='bbox 468 3878 510 3912; x_wconf 88' lang='lat' dir='ltr'><strong>res</strong></span> <span class='ocrx_word' id='word_1_319' title='bbox 536 3863 576 3912; x_wconf 89' lang='lat' dir='ltr'><strong>sic</strong></span> <span class='ocrx_word' id='word_1_320' title='bbox 606 3879 633 3912; x_wconf 89' lang='lat' dir='ltr'><strong>se</strong></span> <span class='ocrx_word' id='word_1_321' title='bbox 661 3863 758 3912; x_wconf 87' lang='lat' dir='ltr'><strong>babet:</strong></span> <span class='ocrx_word' id='word_1_322' title='bbox 801 3858 863 3918; x_wconf 84' lang='lat' dir='ltr'><strong>bat;</strong></span> <span class='ocrx_word' id='word_1_323' title='bbox 882 3859 917 3910; x_wconf 87' lang='lat' dir='ltr'><strong>cf.</strong></span> <span class='ocrx_word' id='word_1_324' title='bbox 938 3858 961 3920; x_wconf 63' lang='grc' dir='ltr'><strong>ἕ.</strong></span> <span class='ocrx_word' id='word_1_325' title='bbox 976 3859 1001 3911; x_wconf 86' lang='grc'><strong>6.</strong></span> 
     </span>
     <span class='ocr_line' id='line_1_36' title="bbox 195 3940 1365 4008; baseline -0.005 -12"><span class='ocrx_word' id='word_1_326' title='bbox 195 3946 301 3996; x_wconf 76' lang='lat' dir='ltr'><strong>Relicta</strong></span> <span class='ocrx_word' id='word_1_327' title='bbox 326 3945 389 3992; x_wconf 84' lang='lat' dir='ltr'><strong>elam</strong></span> <span class='ocrx_word' id='word_1_328' title='bbox 414 3942 501 4006; x_wconf 75' lang='lat' dir='ltr'><strong>prima</strong></span> <span class='ocrx_word' id='word_1_329' title='bbox 529 3943 588 3992; x_wconf 85' lang='lat' dir='ltr'><strong>acie</strong></span> <span class='ocrx_word' id='word_1_330' title='bbox 614 3947 641 3991; x_wconf 91' lang='lat' dir='ltr'><strong>et</strong></span> <span class='ocrx_word' id='word_1_331' title='bbox 667 3943 759 4007; x_wconf 73' lang='lat' dir='ltr'><strong>pugna</strong></span> <span class='ocrx_word' id='word_1_332' title='bbox 837 3943 878 3995; x_wconf 89' lang='lat' dir='ltr'><strong>ll.</strong></span> <span class='ocrx_word' id='word_1_333' title='bbox 898 3940 953 4006; x_wconf 84' lang='lat' dir='ltr'><strong>niti]</strong></span> <span class='ocrx_word' id='word_1_334' title='bbox 975 3955 1011 3995; x_wconf 87' lang='lat' dir='ltr'><strong>se.</strong></span> <span class='ocrx_word' id='word_1_335' title='bbox 1027 3943 1062 3992; x_wconf 85' lang='lat' dir='ltr'><strong>ud</strong></span> <span class='ocrx_word' id='word_1_336' title='bbox 1075 3941 1247 4008; x_wconf 83' lang='lat' dir='ltr'><strong>surgendum.</strong></span> <span class='ocrx_word' id='word_1_337' title='bbox 1263 3943 1365 3991; x_wconf 87' lang='grc' dir='ltr'>-Το-</span> 
     </span>
     <span class='ocr_line' id='line_1_37' title="bbox 196 4018 1365 4084; baseline -0.003 -11"><span class='ocrx_word' id='word_1_338' title='bbox 196 4038 257 4073; x_wconf 88' lang='lat' dir='ltr'><strong>cum</strong></span> <span class='ocrx_word' id='word_1_339' title='bbox 279 4021 368 4070; x_wconf 86' lang='lat' dir='ltr'><strong>Mario</strong></span> <span class='ocrx_word' id='word_1_340' title='bbox 388 4019 535 4084; x_wconf 86' lang='lat' dir='ltr'><strong>Iugurtha,</strong></span> <span class='ocrx_word' id='word_1_341' title='bbox 559 4018 758 4069; x_wconf 85' lang='lat' dir='ltr'><strong>circumvectus</strong></span> <span class='ocrx_word' id='word_1_342' title='bbox 800 4020 938 4070; x_wconf 87' lang='lat' dir='ltr'><strong>temhanc</strong></span> <span class='ocrx_word' id='word_1_343' title='bbox 957 4020 1049 4070; x_wconf 84' lang='lat' dir='ltr'><strong>caedis</strong></span> <span class='ocrx_word' id='word_1_344' title='bbox 1066 4025 1093 4070; x_wconf 87' lang='lat' dir='ltr'><strong>et</strong></span> <span class='ocrx_word' id='word_1_345' title='bbox 1107 4021 1189 4084; x_wconf 86' lang='lat' dir='ltr'><strong>fugae</strong></span> <span class='ocrx_word' id='word_1_346' title='bbox 1204 4019 1365 4083; x_wconf 87' lang='lat' dir='ltr'><strong>descriptio-</strong></span> 
     </span>
     <span class='ocr_line' id='line_1_38' title="bbox 196 4095 1362 4161; baseline -0.002 -11"><span class='ocrx_word' id='word_1_347' title='bbox 196 4097 240 4150; x_wconf 85' lang='lat' dir='ltr'><strong>¹vel</strong></span> <span class='ocrx_word' id='word_1_348' title='bbox 258 4101 381 4150; x_wconf 88' lang='lat' dir='ltr'><strong>dextrum</strong></span> <span class='ocrx_word' id='word_1_349' title='bbox 400 4097 443 4146; x_wconf 89' lang='lat' dir='ltr'><strong>vel</strong></span> <span class='ocrx_word' id='word_1_350' title='bbox 461 4097 600 4146; x_wconf 87' lang='lat' dir='ltr'><strong>sinistrum</strong></span> <span class='ocrx_word' id='word_1_351' title='bbox 619 4095 704 4157; x_wconf 84' lang='lat' dir='ltr'><strong>latus,</strong></span> <span class='ocrx_word' id='word_1_352' title='bbox 724 4099 759 4146; x_wconf 84' lang='lat' dir='ltr'><strong>ad</strong></span> <span class='ocrx_word' id='word_1_353' title='bbox 800 4111 861 4148; x_wconf 90' lang='lat' dir='ltr'><strong>nem</strong></span> <span class='ocrx_word' id='word_1_354' title='bbox 870 4096 993 4146; x_wconf 86' lang='lat' dir='ltr'><strong>imitatus</strong></span> <span class='ocrx_word' id='word_1_355' title='bbox 1003 4101 1045 4146; x_wconf 90' lang='lat' dir='ltr'><strong>est</strong></span> <span class='ocrx_word' id='word_1_356' title='bbox 1052 4099 1140 4150; x_wconf 87' lang='lat' dir='ltr'><strong>Tacit.</strong></span> <span class='ocrx_word' id='word_1_357' title='bbox 1150 4097 1274 4161; x_wconf 86' lang='lat' dir='ltr'><strong>inAgric.</strong></span> <span class='ocrx_word' id='word_1_358' title='bbox 1287 4097 1362 4148; x_wconf 65' lang='lat' dir='ltr'><strong>est.</strong></span> 
     </span>
     <span class='ocr_line' id='line_1_39' title="bbox 195 4173 1362 4242; baseline 0 -16"><span class='ocrx_word' id='word_1_359' title='bbox 195 4182 362 4242; x_wconf 86' lang='lat' dir='ltr'><strong>postremos,</strong></span> <span class='ocrx_word' id='word_1_360' title='bbox 382 4173 429 4223; x_wconf 91' lang='lat' dir='ltr'><strong>ubi</strong></span> <span class='ocrx_word' id='word_1_361' title='bbox 448 4175 537 4222; x_wconf 84' lang='lat' dir='ltr'><strong>Mauri</strong></span> <span class='ocrx_word' id='word_1_362' title='bbox 552 4174 653 4236; x_wconf 82' lang='lat' dir='ltr'><strong>pedites</strong></span> <span class='ocrx_word' id='word_1_363' title='bbox 671 4179 757 4236; x_wconf 86' lang='lat' dir='ltr'><strong>erant,</strong></span> <span class='ocrx_word' id='word_1_364' title='bbox 835 4173 897 4225; x_wconf 83' lang='lat'>011.</span> <span class='ocrx_word' id='word_1_365' title='bbox 915 4174 936 4223; x_wconf 92' lang='lat'><strong>1.</strong></span> <span class='ocrx_word' id='word_1_366' title='bbox 949 4176 1012 4224; x_wconf 82' lang='lat' dir='ltr'><strong>Post</strong></span> <span class='ocrx_word' id='word_1_367' title='bbox 1023 4191 1053 4224; x_wconf 88' lang='lat' dir='ltr'><strong>ea</strong></span> <span class='ocrx_word' id='word_1_368' title='bbox 1065 4173 1122 4239; x_wconf 79' lang='lat' dir='ltr'><strong>loci]</strong></span> <span class='ocrx_word' id='word_1_369' title='bbox 1139 4191 1164 4227; x_wconf 87' lang='lat' dir='ltr'><strong>v.</strong></span> <span class='ocrx_word' id='word_1_370' title='bbox 1175 4173 1209 4223; x_wconf 85' lang='lat' dir='ltr'><strong>ad</strong></span> <span class='ocrx_word' id='word_1_371' title='bbox 1217 4174 1277 4239; x_wconf 83' lang='lat' dir='ltr'><strong>Ing.</strong></span> <span class='ocrx_word' id='word_1_372' title='bbox 1286 4173 1362 4236; x_wconf 68' lang='lat' dir='ltr'><strong>aab.</strong></span> 
     </span>
    </p>
   </div>
   <div class='ocr_carea' id='block_1_5' title="bbox 196 4249 1365 4399">
    <p class='ocr_par' dir='ltr' id='par_1_5' title="bbox 196 4249 1365 4399">
     <span class='ocr_line' id='line_1_40' title="bbox 196 4249 1361 4318; baseline 0.001 -18"><span class='ocrx_word' id='word_1_373' title='bbox 196 4268 224 4300; x_wconf 89' lang='lat' dir='ltr'><strong>se</strong></span> <span class='ocrx_word' id='word_1_374' title='bbox 236 4253 346 4300; x_wconf 83' lang='lat' dir='ltr'><strong>eontulit.</strong></span> <span class='ocrx_word' id='word_1_375' title='bbox 807 4253 811 4262; x_wconf 88' lang='lat'>&#39;</span> <span class='ocrx_word' id='word_1_376' title='bbox 835 4250 860 4304; x_wconf 87' lang='grc'><strong>3,</strong></span> <span class='ocrx_word' id='word_1_377' title='bbox 885 4257 965 4301; x_wconf 84' lang='lat' dir='ltr'><strong>tamen</strong></span> <span class='ocrx_word' id='word_1_378' title='bbox 985 4253 1085 4315; x_wconf 82' lang='lat' dir='ltr'><strong>placuit</strong></span> <span class='ocrx_word' id='word_1_379' title='bbox 1105 4252 1183 4302; x_wconf 84' lang='lat' dir='ltr'><strong>aerbo</strong></span> <span class='ocrx_word' id='word_1_380' title='bbox 1203 4277 1239 4287; x_wconf 89' lang='lat'>—</span> <span class='ocrx_word' id='word_1_381' title='bbox 1260 4249 1361 4318; x_wconf 78' lang='lat' dir='ltr'><strong>facere]</strong></span> 
     </span>
     <span class='ocr_line' id='line_1_41' title="bbox 231 4322 1365 4399; baseline 0.004 -25"><span class='ocrx_word' id='word_1_382' title='bbox 231 4325 325 4374; x_wconf 82' lang='lat' dir='ltr'><strong>Latine</strong></span> <span class='ocrx_word' id='word_1_383' title='bbox 339 4349 374 4358; x_wconf 97' lang='lat'><em>-</em></span> <span class='ocrx_word' id='word_1_384' title='bbox 387 4322 524 4399; x_wconf 65' lang='lat' dir='ltr'><strong>exclamat]</strong></span> <span class='ocrx_word' id='word_1_385' title='bbox 550 4323 611 4374; x_wconf 90' lang='lat' dir='ltr'><strong>Non</strong></span> <span class='ocrx_word' id='word_1_386' title='bbox 625 4339 677 4388; x_wconf 89' lang='lat' dir='ltr'><strong>qno</strong></span> <span class='ocrx_word' id='word_1_387' title='bbox 693 4325 757 4376; x_wconf 88' lang='lat' dir='ltr'><strong>s&#39;ucs</strong></span> <span class='ocrx_word' id='word_1_388' title='bbox 798 4345 837 4380; x_wconf 82' lang='lat' dir='ltr'><strong>se.</strong></span> <span class='ocrx_word' id='word_1_389' title='bbox 858 4343 1021 4393; x_wconf 86' lang='lat' dir='ltr'><strong>quamquam</strong></span> <span class='ocrx_word' id='word_1_390' title='bbox 1044 4330 1125 4379; x_wconf 85' lang='lat' dir='ltr'><strong>acciti</strong></span> <span class='ocrx_word' id='word_1_391' title='bbox 1148 4331 1240 4390; x_wconf 88' lang='lat' dir='ltr'><strong>erant,</strong></span> <span class='ocrx_word' id='word_1_392' title='bbox 1264 4336 1291 4378; x_wconf 84' lang='lat' dir='ltr'><strong>ut</strong></span> <span class='ocrx_word' id='word_1_393' title='bbox 1307 4343 1365 4378; x_wconf 84' lang='lat' dir='ltr'><strong>ac-</strong></span> 
     </span>
    </p>
   </div>
   <div class='ocr_carea' id='block_1_6' title="bbox 0 0 1561 4852">
    <p class='ocr_par' dir='ltr' id='par_1_6' title="bbox 0 0 1561 4852">
     <span class='ocr_line' id='line_1_42' title="bbox 0 0 1561 4852; baseline 0 0"><span class='ocrx_word' id='word_1_394' title='bbox 0 0 1561 4852; x_wconf 95' lang='lat' dir='ltr'><strong> </strong></span> 
     </span>
    </p>
   </div>
  </div>
 </body>
</html>
