3028 4852
412 1077 415 1083 Ι
496 973 885 1041 ARGUMENTUM.

606 1143 780 1152 ——-

180 1249 205 1300 1.
241 1249 345 1302 Auctor
362 1266 474 1302 exorsus
496 1268 514 1303 a
530 1257 630 1302 natura
652 1251 803 1316 hominum,
832 1269 903 1319 quae
920 1254 1010 1304 animo
1032 1257 1059 1306 et
1083 1267 1196 1319 corpore
1215 1267 1278 1302 con-

108 1339 179 1399 stat,
198 1336 349 1403 ingenium,
369 1339 501 1404 potiorem
520 1340 578 1390 eius
597 1343 715 1405 partem,
733 1338 865 1405 imprimis
886 1341 1065 1392 exercendum
1084 1339 1161 1391 dicit.

178 1426 204 1474 2.
240 1424 308 1474 Eius
325 1424 367 1474 ris
392 1429 420 1475 et
437 1428 608 1490 praestantia
625 1440 679 1476 nou
699 1423 787 1476 solum
803 1425 876 1478 bello
899 1431 927 1477 et
944 1426 1066 1493 parando
1087 1426 1199 1492 imperio
1222 1441 1279 1475 eer-

107 1509 195 1573 nitur,
221 1509 269 1560 serl
288 1510 371 1561 etiam
388 1527 456 1576 pace
473 1511 615 1576 plurimum
638 1510 723 1563 valet.
757 1512 931 1563 Desidia-res
954 1513 1088 1563 humanae
1106 1528 1279 1578 corrumpun-

107 1600 165 1660 tur,
184 1597 334 1660 industria,
353 1612 423 1664 quae
441 1597 499 1648 sola
516 1597 638 1648 homines
656 1598 746 1662 decet,
763 1599 869 1652 florent.

177 1683 204 1735 3.
240 1683 274 1734 In
296 1683 330 1734 iis
353 1684 448 1747 rebus,
471 1699 541 1750 quae
563 1683 672 1750 ingenio
690 1683 880 1750 perficiuntur,
906 1683 979 1735 aaut
1000 1675 1165 1749 postremum
1188 1681 1278 1733 locum

108 1769 214 1820 obtinet
232 1784 321 1821 rerum
339 1775 477 1836 gestarum
495 1770 638 1833 memoria,
657 1766 795 1820 difficilior
813 1785 894 1834 quam
912 1769 1033 1834 plerique
1050 1773 1158 1834 putant.
1175 1797 1210 1806 -
1236 1767 1278 1817 Ab

108 1857 167 1907 eius
190 1857 282 1908 studio
305 1856 460 1908 abstractus
479 1854 626 1907 Sallustius
645 1860 674 1906 et
697 1854 732 1905 ml
752 1856 946 1922 rempublicam
968 1855 1041 1906 latus
1063 1854 1149 1906 multa
1172 1854 1211 1906 ibi
1231 1853 1280 1904 ad-

106 1957 188 1993 versa
204 1942 310 1994 babuit.

178 2031 204 2080 4.
240 2027 330 2095 Igitur
351 2028 443 2079 taedio
467 2042 556 2078 rerum
581 2025 749 2092 publicarum
772 2027 807 2078 arl
833 2025 1116 2092 pristinum-studium
1139 2041 1278 2092 regressus

108 2118 207 2167 statuit
233 2117 266 2168 ‹le
290 2116 370 2168 rebus
392 2113 487 2181 populi
508 2115 624 2166 Romani
646 2113 880 2179 memorabilibus,
915 2114 944 2164 iu
970 2114 1058 2181 iisque
1084 2113 1117 2164 de
1144 2112 1278 2164 Catilinae

108 2203 296 2255 coniuratione
313 2203 436 2269 prodere.

178 2374 203 2424 5.
240 2371 376 2423 Catilinae
400 2371 537 2438 ingenium
562 2376 643 2437 atque
665 2388 754 2423 mores
777 2371 980 2424 adumbrantur.
998 2402 1034 2412 --
1055 2369 1220 2436 Adiungitur
1239 2370 1279 2420 di-

107 2460 212 2524 gressio
230 2459 263 2510 de
284 2460 373 2525 priore
391 2463 466 2510 statu
489 2456 655 2523 reipublicae
678 2463 705 2508 et
729 2459 762 2509 de
780 2459 900 2510 moribus
921 2458 1053 2523 paulatim
1075 2459 1116 2509 ita
1133 2458 1277 2523 corruptis,

106 2551 152 2610 ut,
171 2545 305 2612 quomodo
323 2543 433 2597 taudem
450 2545 517 2596 illud
534 2545 641 2598 iaciuus
659 2545 761 2611 suscipi
778 2545 911 2609 potuerit,
930 2549 1033 2610 pateat.
1052 2561 1077 2595 c.
1097 2535 1207 2597 o-'13.

178 2715 204 2768 6.
240 2717 343 2769 Romae
361 2717 441 2769 initia
459 2723 488 2769 et
504 2719 672 2769 incrementa
688 2716 739 2768 sub
757 2715 877 2782 regibus.

178 2805 204 2856 7.
240 2804 368 2856 Civitatis
392 2807 494 2871 adepta
520 2805 647 2856 libertate
673 2802 868 2854 incredibiliter
893 2807 976 2853 aucta
1003 2801 1148 2864 alacritas,
1167 2800 1277 2864 ¹virtus,

108 2889 275 2954 reipublicae
290 2890 419 2962 studium.

178 2976 204 3028 8.
240 2977 283 3028 Ea
299 2993 342 3028 res
361 2978 450 3028 minus
467 2975 617 3039 celebrata,
637 2973 701 3041 quia
718 2975 900 3025 Romanorum
918 2973 1022 3023 animus
1040 2972 1127 3038 magis
1142 2972 1178 3022 ad
1195 2985 1278 3036 agen-

108 3059 186 3125 dum,
206 3077 286 3127 quam
304 3062 339 3113 ad
357 3063 500 3114 dicendum
522 3066 550 3112 et
567 3060 738 3112 scribendum
756 3063 897 3125 promptus
915 3059 977 3110 fuit.

178 3149 204 3200 9.
240 3149 423 3200 Romanorum
446 3147 620 3213 antiquorum
641 3144 816 3210 simplicitas,
842 3145 950 3196 iustitia
967 3148 996 3196 et
1018 3142 1151 3195 fortitudo
1168 3141 1277 3194 bellica.

178 3233 221 3285 10.
257 3235 374 3301 Imperio
394 3240 471 3286 extra
487 3233 586 3285 Italiae
610 3232 678 3283 lines
696 3230 803 3297 prolato
821 3236 848 3284 et
867 3231 1031 3298 Carthagine
1050 3229 1160 3280 sublata
1178 3243 1278 3294 magna

108 3333 212 3370 morum
231 3321 382 3372 immutatio
401 3321 528 3383 incessit,
547 3317 726 3370 immoderata
742 3317 873 3384 pecuniae
892 3323 919 3370 et
937 3318 1043 3383 imperii
1060 3317 1187 3383 cupidine
1206 3322 1277 3370 orta.

179 3406 222 3457 ll.
258 3407 423 3457 Ambitionis
439 3411 467 3457 et
482 3406 615 3457 avaritiae
633 3404 705 3456 mala
719 3407 829 3457 uberius
847 3405 1031 3469 illustrantur,
1049 3407 1077 3456 et
1083 3423 1097 3465 ,¹
1111 3408 1278 3470 quantopere

107 3489 200 3541 Sullae
217 3490 316 3542 militia
333 3491 458 3543 Asiatica
475 3491 621 3543 contulerit
644 3491 679 3541 ad
696 3490 830 3541 luxuriam
848 3491 1043 3555 invehendam,
1066 3489 1276 3541 demonstratur.

175 3577 302 3638 12-13.
340 3579 446 3629 Morum
466 3576 620 3644 corruptela
638 3593 670 3628 ex
687 3575 795 3628 luxuria
811 3582 871 3628 orta
889 3578 1058 3629 describitur.

178 3747 221 3798 14.
257 3748 392 3800 Catilinae
414 3748 563 3802 familiares
590 3765 623 3800 ex
650 3750 726 3800 vario
749 3765 848 3816 genere
875 3749 1119 3816 perditissimorum
1140 3747 1277 3799 hominum

106 3834 263 3898 compositi.

180 3919 221 3972 15.
256 3921 325 3971 Eius
341 3924 437 3987 stupra
455 3924 483 3972 et
502 3925 592 3973 cetera
610 3919 729 3987 flagitia,
747 3919 878 3971 facinoris
894 3918 1050 3973 maturandi
1065 3933 1190 3970 caussae.

178 4004 220 4056 16.
256 4005 428 4058 Iuventatem
447 4007 581 4072 quomodo
598 4007 750 4057 instituerit
773 4005 808 4056 ad
826 4005 1020 4058 coniurationis
1038 4002 1226 4056 ministerium.
1242 4029 1277 4042 -

108 4089 223 4144 Ceterae
243 4092 301 4142 eius
318 4093 359 4143 rei
375 4107 437 4159 sper
455 4096 483 4143 ct
501 4091 689 4143 incitamenta.
713 4145 720 4160 ‚

179 4177 222 4230 17.
258 4177 332 4228 Socii
349 4178 545 4230 coniurationis
563 4193 581 4228 a
597 4177 717 4229 Catilina
740 4175 895 4240 deliguntur
914 4175 1065 4242 complures
1087 4173 1217 4226 senatorii
1236 4189 1278 4226 or·

108 4262 181 4314 dinis
200 4278 232 4314 ac
249 4263 368 4329 nobiles,
386 4263 479 4316 multis
497 4264 580 4315 etiam
598 4262 706 4314 occulte
721 4261 835 4313 consilio
853 4261 1019 4315 faventibus.
