3028 4852
170 237 211 298 tu
582 240 612 287 o.
638 237 806 286 sinuosus
829 235 941 282 cursor

171 415 285 479 terere,
316 418 411 478 neque
435 416 508 457 vero
531 415 631 474 agrurn
654 392 778 454 colendo
801 400 849 451 aut
874 391 1023 467 venando,
1053 389 1208 450 servilibus
1228 392 1349 466 olicus,

128 499 130 504 ¹
171 518 308 574 intentum
338 519 463 570 aetatem
493 525 597 586 agere;
633 505 686 566 sed
714 523 729 564 a
754 520 811 582 quo
835 504 953 583 incepto
984 501 1139 580 studioque
1161 521 1207 561 me
1229 501 1383 562 ambiti02

172 625 247 685 mala
275 623 452 696 detinuerat,
484 618 588 679 eodem
616 632 772 692 regressus
795 613 880 672 statui
902 632 952 672 res
973 622 1076 691 gestas
1101 613 1203 693 populi
1225 613 1351 674 Romani

174 734 315 814 carptim,
345 731 385 790 uti
413 747 547 808 quaeque
570 725 710 786 memoria
733 724 821 802 digna
849 723 1036 800 videbantur,
1070 723 1273 803 perscribere;
1309 743 1350 783 eo

173 847 282 922 magis,
312 841 390 921 quod
413 839 480 900 mibi
510 855 617 918 aspe,
648 844 739 912 metu,
768 833 898 914 partibus
927 834 1106 914 reipublicae
1136 836 1246 894 animus
1273 834 1351 894 liber

173 966 245 1016 erat.
298 955 389 1033 Igitur
421 951 456 1010 de
487 946 629 1009 Catilinae
663 945 880 1021 coniuratione,
918 965 1002 1025 quam
1035 946 1196 1004 verissume
1227 955 1380 1026 potero,3

173 1066 276 1146 patruis
295 1063 462 1130 absolvam3
486 1078 551 1119 nam
570 1057 597 1116 id
618 1057 730 1116 lacinus
750 1057 778 1114 in
798 1055 897 1133 primis
917 1075 975 1134 ego
994 1055 1183 1116 memorabile
1204 1057 1382 1116 existumas
1480 1049 1486 1058 '
1508 1105 1509 1130 ,

174 1176 298 1236 sceleris
327 1183 415 1252 atque
445 1169 569 1250 periculi
592 1167 731 1227 novitate.
775 1165 820 1225 De
849 1168 930 1226 cuius
952 1167 1076 1228 bominis
1104 1167 1233 1228 moribus
1254 1175 1383 1248 pauca5

153 1288 255 1367 'prius
277 1281 460 1364 explananda
483 1287 562 1355 sunt,
587 1294 671 1355 quam
694 1278 801 1336 initium
823 1277 956 1337 narrandi
979 1262 1093 1336 luciam.

259 1397 295 1455 V.
339 1392 444 1452 lucius
474 1389 614 1466 Catilina,
648 1386 739 1447 nobili
767 1405 879 1466 genere
907 1396 1007 1465 naurs,
1043 1388 1095 1448 iuit
1130 1406 1234 1465 magna
1263 1389 1290 1447 vi
1320 1397 1350 1448 et

174 1505 259 1566 animi
282 1513 310 1562 et
334 1503 485 1582 corporis,
508 1501 560 1560 sed
584 1499 702 1576 ingenio
721 1497 798 1558 malo
821 1515 983 1577 pravoque.
1027 1498 1101 1559 Huic
1121 1499 1157 1560 ab
1178 1501 1384 1560 adulescen-2

173 1617 212 1676 tia
233 1613 311 1673 bella
340 1613 490 1690 intestina,
521 1611 643 1688 caedes,
672 1609 809 1688 rapinae,
849 1608 994 1669 discordia
1021 1608 1114 1668 civilis
1142 1619 1225 1688 grata
1253 1611 1350 1688 luere,

209 1796 350 1863 conterere]
381 1797 538 1849 Infinitivus
565 1814 619 1849 non
642 1795 741 1862 pendet
783 1795 844 1846 eben
870 1793 961 1844 kann.
999 1795 1168 1847 Indicativus
1190 1798 1352 1864 simpliciter

174 1895 206 1929 ex
224 1878 281 1930 solo
297 1879 424 1928 consiliam
438 1877 627 1939 substantivo,
647 1873 694 1926 sed
708 1890 741 1925 ex
784 1876 954 1942 significaret
968 1876 1177 1941 explicationem
1187 1879 1352 1944 praecedere

173 1957 326 2008 coniunctis
337 1956 389 2020 fait
405 1957 531 2008 concilium
549 1955 654 2017 verbis,
672 1969 742 2019 quae
784 1954 913 2005 narrandi
930 1954 1049 2016 initium3
1069 1955 1105 2006 el.
1121 1955 1182 2006 Oet,
1204 1959 1226 2020 l,
1245 1959 1271 2010 6.
1288 1957 1351 2022 lug.

173 2037 228 2085 vim
255 2036 357 2086 babent
387 2033 517 2099 simplicis
544 2033 676 2090 constitui;
704 2032 741 2083 ci.
785 2034 810 2096 5,
827 2031 851 2082 3.

89 2104 133 2198 s6
174 2113 234 2164 Cat.
256 2095 342 2201 lZJ.
362 2113 559 2175 copiositas:
577 2109 680 2162 licebat:
699 2108 741 2173 30,
820 2111 857 2180 V..
875 2111 899 2160 1.
919 2109 1012 2160 Lucina
1028 2108 1146 2175 Catilina]
1172 2110 1285 2161 Plenum
1304 2126 1352 2160 no-

173 2195 199 2246 4.
219 2196 338 2239 mouerat
349 2209 385 2232 =
399 2188 521 2250 solebant,
537 2187 599 2252 Iug.
611 2189 637 2250 4,
658 2187 683 2238 3.
699 2185 742 2247 89,
785 2204 847 2238 men
871 2191 913 2238 est
933 2189 964 2238 L.
983 2187 1087 2253 Serpiaa
1108 2189 1225 2240 Catilina.
1262 2190 1352 2240 Natus

175 2269 204 2327 33
224 2275 319 2329 tempus
333 2273 372 2315 eet
385 2283 419 2312 =
432 2266 600 2330 tempestivam
617 2272 663 2329 est,
680 2266 740 2330 Iug.
785 2271 827 2317 est
842 2282 867 2317 a.
880 2264 938 2316 108.
950 2281 975 2315 a.
986 2265 1048 2318 Chr.
1064 2269 1255 2332 antiquissime
1269 2271 1353 2334 genic

174 2343 218 2405 89,
239 2343 265 2395 3.
785 2345 895 2409 Sergia,
928 2360 999 2409 quae
1020 2348 1091 2395 teste
1116 2346 1193 2412 Virg.
1222 2347 1289 2397 Aen.
1316 2347 1350 2398 V.

208 2424 305 2484 incepto
334 2415 476 2484 studioque]
508 2417 676 2483 Intelligiiur
702 2421 742 2470 in·
787 2424 845 2474 121.
865 2439 881 2474 a
900 2423 1027 2488 Sergesto
1046 2423 1154 2476 Aeneae
1178 2426 1275 2476 comite
1298 2426 1351 2475 ori-

175 2501 256 2562 cepia
273 2497 351 2560 olim,
381 2501 527 2561 antequam
546 2495 579 2546 ad
599 2497 741 2562 rempubli·
786 2506 874 2571 ginem
894 2503 981 2554 duxit.

174 2593 234 2628 eam
253 2576 410 2640 accederet,
435 2592 468 2626 ae
491 2576 614 2627 studiose
637 2577 744 2642 agitata
818 2587 917 2649 ingenio
942 2584 1007 2632 malo
1028 2579 1170 2646 pravoque]
1198 2581 1240 2631 Ab
1259 2585 1348 2644 animo,

174 2655 327 2707 litterarum
346 2659 373 2707 ei
391 2655 522 2706 historiae
542 2656 695 2719 occupatio.
785 2662 832 2727 qui
850 2661 976 2711 universe
996 2665 1023 2710 et
1039 2659 1174 2710 latissimo
1194 2675 1275 2711 sensu
1293 2675 1350 2710 cor»

210 2732 286 2799 malui]
304 2735 324 2786 i.
343 2750 367 2786 o.
386 2749 456 2799 quae
477 2735 549 2786 mala
567 2734 659 2810 affert,
685 2750 743 2800 per·
783 2742 843 2804 pori
867 2740 1025 2805 opponitur,
1051 2741 1171 2803 inpertiam
1190 2739 1230 2788 ita
1249 2739 1348 2804 differt,

174 2813 293 2872 niciosa;
314 2811 349 2862 ef.
368 2813 429 2878 Iug.
448 2812 491 2876 56,
508 2811 533 2866 3.
555 2813 617 2862 Post
634 2815 744 2862 malam
786 2821 816 2866 ui
848 2817 1011 2883 peculiarem
1046 2815 1118 2866 illius
1152 2820 1277 2866 naturam
1305 2816 1349 2868 de-

172 2905 322 2956 peanum,
344 2891 364 2942 i.
385 2907 409 2942 e.
426 2906 496 2957 quae
512 2889 650 2940 infelicem
666 2905 745 2940 even·
786 2895 887 2961 signet,
918 2911 987 2961 quaa
1016 2895 1169 2960 cogitandi,
1205 2895 1348 2956 sentiendi,

175 2971 233 3017 tum
251 2967 356 3020 habuit.
393 2969 438 3019 Ita
464 2969 536 3034 apud
554 2969 622 3019 Hor.
644 2968 701 3019 Sat.
720 2969 743 3030 1,
786 2972 886 3037 agendi
903 2974 1009 3023 ratione
1027 2973 1146 3024 cernitur
1164 2969 1349 3038 (Ubarakter).

175 3047 206 3110 6,
232 3047 290 3099 129.
317 3053 434 3099 nrisera
461 3049 560 3098 unzbitia
588 3051 644 3110 est,
675 3063 744 3111 quae
787 3051 820 3100 M
824 3053 904 3100 alam
929 3053 1050 3115 inpertiam
1079 3050 1188 3112 dicitur,
1211 3051 1284 3115 quod
1307 3067 1350 3101 su-

175 3126 288 3188 miseros
307 3127 385 3179 lacit.
785 3133 849 3192 apte
871 3133 970 3178 natura
990 3145 1005 3178 a
1028 3129 1100 3179 bono
1118 3127 1286 3194 honestoque
1304 3131 1351 3180 ab·

210 3201 326 3268 carptim]
338 3204 459 3270 Singulis
476 3202 598 3267 partibus
613 3207 742 3268 tanquam
786 3207 891 3267 horret3
911 3222 1018 3269 mavum
1035 3211 1092 3269 est,
1118 3206 1189 3270 quod
1218 3208 1351 3272 perversi-

176 3279 312 3342 capitibus
350 3279 511 3344 quibusdam
544 3279 667 3341 aelectis;
705 3279 742 3329 cf·
786 3291 844 3336 tete
867 3285 962 3334 iudicii
988 3284 1068 3334 rebus
1095 3286 1279 3350 improbandis
1310 3287 1349 3335 in-

175 3354 247 3406 Plin.
269 3357 339 3421 Epp.
358 3357 414 3420 VI,
432 3358 479 3418 22,
503 3358 528 3408 2.
554 3358 616 3422 Enii
639 3359 743 3420 carptim
786 3363 920 3425 tenditur,
947 3361 1040 3428 quales
1070 3367 1146 3425 sunt,
1179 3379 1248 3429 quae
1272 3367 1297 3427 ξ.
1323 3367 1348 3416 5.

178 3441 204 3483 ei
220 3425 293 3482 κατὰ
310 3427 458 3498 κεφάλαια·
785 3443 967 3494 nominantur.
987 3443 1023 3492 cl.
1038 3443 1099 3506 Iug.
1120 3442 1162 3503 25,
1182 3441 1206 3491 8.
1226 3441 1268 3506 64,
1289 3445 1314 3494 2.

210 3517 236 3568 3.
253 3518 389 3585 absolvam]
403 3521 561 3584 Exponam,
583 3520 640 3570 sive
653 3535 741 3586 agam,
820 3523 845 3571 2.
864 3518 956 3586 ibique]
976 3520 994 3571 i.
1016 3536 1039 3571 e.
1059 3524 1082 3570 in
1100 3522 1195 3584 iisque·
1212 3520 1248 3570 cl.
1268 3521 1303 3570 ad
1323 3519 1348 3582 3,

175 3594 306 3648 adiuncta
338 3599 516 3649 confectionis
542 3598 667 3659 notione3
705 3599 740 3649 cf.
785 3600 808 3651 3.
822 3598 978 3663 Respicitur
989 3612 1070 3662 quum
1080 3597 1114 3647 ad
1126 3597 1226 3647 bellurn
1238 3597 1349 3659 sociale,

175 3674 235 3739 Iug.
257 3675 298 3738 17,
317 3677 343 3727 2,
379 3677 485 3726 Hister.
505 3677 550 3725 Fr.
567 3676 590 3732 I,
611 3677 636 3725 2.
784 3682 842 3727 tum
866 3675 901 3726 aul
928 3674 1067 3726 Sullanum
1101 3675 1182 3725 civile
1212 3677 1348 3740 proscrip-

209 3755 235 3804 5.
263 3769 335 3818 qaam
364 3780 399 3792 -—
423 3752 528 3818 faciam]
561 3753 742 3804 Coniunctivo
783 3754 903 3804 tionibus
927 3757 955 3804 et
977 3753 1060 3802 caede
1083 3753 1183 3802 civium
1205 3753 1348 3804 famosum.

174 3829 331 3880 continetur
348 3832 479 3882 iudicium
498 3830 531 3880 de
548 3831 655 3880 ratione
669 3830 741 3881 initii
785 3832 909 3882 Ceterum
943 3830 975 3880 ab
1006 3831 1178 3880 adurleeeeulia
1211 3830 1349 3908 significat

173 3908 303 3961 faciendi.
317 3911 416 3974 Quare,
428 3911 452 3960 si
462 3926 517 3960 rem
531 3912 743 3974 spectas,.verba
785 3925 820 3959 ex
832 3923 879 3974 quo
895 3916 1005 3972 tempore
1019 3910 1154 3971 pueritiam
1167 3924 1284 3974 cyreneum
1301 3915 1347 3971 eat,

171 3989 245 4050 priua
273 3991 440 4053 explananda
462 3997 520 4039 eant
548 4004 619 4054 qrtam
640 4015 676 4027 ·-
700 3992 742 4054 sa.
786 3987 830 4037 eui
848 3987 889 4036 ita
907 3987 1052 4051 opponitur
1076 3989 1202 4046 iuuentae,
1226 3991 1257 4037 ut
1276 3985 1349 4036 robu-

174 4068 250 4129 ciam,
278 4067 350 4120 huno
378 4084 487 4120 sensum
511 4068 629 4118 habent:
667 4070 740 4133 prius
782 4069 848 4118 atior
866 4073 939 4116 cetae
953 4067 1034 4116 uirilis
1052 4063 1231 4129 intelligenda
1248 4065 1294 4114 sit.

174 4143 243 4207 expl.
264 4152 342 4208 sunt,
371 4163 424 4212 quo
444 4146 541 4198 deinde
559 4147 612 4207 ita,
635 4147 677 4197 uti
691 4163 741 4212 par
818 4145 842 4197 3.
862 4159 942 4207 cupra
959 4143 1041 4209 quani]
1060 4145 1078 4195 i.
1099 4160 1123 4212 e.¹
1147 4145 1244 4208 mapia
1268 4157 1348 4207 qaam,

175 4225 230 4284 est,
247 4222 354 4273 initium
374 4225 484 4275 inciam.
521 4224 682 4275 Germanice
701 4226 740 4274 sie
783 4238 836 4287 quo
853 4236 935 4271 sensu
949 4220 1032 4272 etiam
1048 4221 1148 4272 dicitur
1162 4223 1250 4271 ultra
1262 4235 1348 4285 qucum

172 4299 284 4352 reddas:
312 4300 356 4352 ebe
378 4301 416 4353 iclt
442 4303 490 4354 deu
514 4302 619 4367 Ausanp
637 4328 671 4340 —
688 4317 739 4351 nra·
783 4301 818 4351 cf.
839 4300 895 4352 Cic.
922 4301 956 4352 de
972 4301 1080 4353 Inveni.
1104 4302 1134 4366 Ι,
1154 4299 1202 4363 49,
1225 4299 1268 4350 91.
1298 4299 1348 4349 lle-
