3070 4852
199 341 261 404 214
608 349 638 398 c.
663 349 831 398 sannusrr
855 347 966 397 cursar

199 511 367 574 modestiam
388 512 415 570 in
439 510 645 570 conscientiam
672 507 802 568 duceret.
846 506 919 568 Nam
941 525 987 568 me
1011 507 1125 587 quidem
1149 527 1187 568 ex
1209 510 1300 569 animi
1320 510 1390 569 mei
1405 518 1444 566 27

201 624 342 683 sententia
365 622 442 682 nulla
463 621 556 682 oratio
578 619 697 680 laedere
721 626 835 699 potest;
860 618 971 699 quippe
993 637 1063 679 vera
1083 635 1209 680 necesse
1231 628 1278 678 est
1300 619 1391 681 bene
1449 663 1457 682 .

202 732 365 813 praedicet,
387 731 490 792 falsam
511 733 568 792 vita
591 749 747 810 moresque
768 729 824 788 mei
844 737 991 809 superant.
1036 730 1095 790 Sed
1117 730 1251 810 quoniam
1270 740 1384 793 vostra
1403 740 1445 790 28

203 844 324 904 consilia
348 853 537 920 accusantur,
562 843 610 922 qui
633 842 701 901 mibi
723 859 860 900 summum
882 840 1023 902 honorem
1047 850 1075 901 et
1097 859 1259 902 maxumum
1282 861 1386 920 nego-

202 957 270 1015 tium
293 955 484 1034 imposuistis,
515 955 599 1013 etiam
623 961 710 1032 atque
730 952 816 1013 etiam
837 959 986 1030 reputate,
1013 971 1078 1011 num
1100 972 1199 1013 eorum
1223 954 1384 1033 poeniten·

202 1066 267 1127 dum
291 1067 336 1125 sit.
380 1065 445 1125 Non
475 1083 593 1145 possum
616 1063 682 1124 tidci
707 1081 810 1123 caussa
833 1061 992 1140 imagines,
1022 1082 1118 1143 neque
1141 1065 1303 1144 triumphos
1327 1073 1383 1124 aut
1397 1076 1442 1125 29

204 1175 370 1237 consulatus
398 1177 536 1238 maiorum
559 1195 688 1236 meorum
711 1182 876 1251 ostentare,
904 1182 947 1250 at,
977 1176 1000 1233 si
1022 1193 1072 1234 res
1093 1176 1237 1254 postulet,
1265 1175 1383 1252 hastas,

203 1287 356 1365 vexillum,
381 1287 534 1367 phaleras,
558 1288 613 1348 alia
632 1285 763 1346 militaria
785 1283 876 1362 dona,
900 1292 1054 1364 praeterea
1072 1286 1226 1346 cicatrices
1248 1285 1381 1347 advorso

204 1415 340 1476 corpore.
384 1397 446 1456 Hae
469 1404 533 1456 sunt
554 1416 638 1457 meae
664 1397 820 1474 imagines,
852 1396 925 1456 hacc
955 1394 1106 1474 nobilitas,
1133 1415 1190 1456 non
1211 1395 1379 1457 hereditate
1393 1411 1439 1462 30
1526 1409 1527 1412 ’

205 1506 324 1583 relicta,
348 1515 377 1564 ut
399 1505 447 1565 illa
470 1505 543 1583 illis,
566 1506 617 1566 sed
639 1526 713 1585 quae
735 1515 854 1584 egomet
878 1506 1016 1586 plurumis
1037 1505 1186 1567 laboribus
1208 1516 1237 1566 et
1260 1509 1380 1594 pericu-

207 1615 242 1674 lis
265 1616 406 1694 quaesivi.
451 1615 515 1676 Non
539 1627 602 1678 sunt
627 1616 787 1698 composita
809 1615 898 1676 verba
921 1633 999 1685 mea;
1034 1617 1117 1696 parvi
1142 1617 1171 1677 id
1192 1618 1284 1688 laci0;
1308 1619 1377 1698 ipsa
1392 1633 1431 1684 31

207 1745 239 1785 sc
264 1727 354 1785 virtus
376 1727 445 1788 satis
472 1728 612 1799 ostendit;
642 1729 700 1789 illis
722 1729 843 1788 artilicio
867 1745 941 1806 opus
962 1735 1022 1804 est,
1048 1735 1077 1786 ut
1094 1729 1188 1807 turpia
1212 1726 1289 1788 iacta
1311 1747 1378 1790 ora·
1527 1802 1528 1824 ,

205 1840 285 1899 tionc
305 1848 418 1930 tegant.
462 1839 566 1921 Neque
595 1842 706 1903 litteras
735 1841 864 1903 Graecas
892 1837 991 1906 didici:
1028 1856 1128 1916 parum
1156 1837 1293 1918 placebat
1322 1855 1430 1906 cassa
1527 1829 1528 1838 ’

204 1949 334 2029 discere,
367 1954 477 2032 quippe
501 1971 576 2032 quae
598 1954 634 2014 ad
656 1954 791 2013 virtutem
818 1948 988 2010 doctoribus
1015 1948 1085 2008 nibil
1110 1950 1290 2028 profuerunt.
1336 1951 1429 2015 At33

204 2059 253 2120 illa
277 2062 365 2122 multo
387 2073 504 2143 optuma
526 2065 707 2144 reipublicae
731 2062 834 2123 doctus
856 2078 932 2138 sum,
965 2059 1078 2119 bostem
1096 2061 1203 2138 ferire,
1231 2059 1378 2141 praesidia

205 2171 337 2249 agitare,
358 2173 426 2233 nibil
447 2184 576 2237 metuere
596 2177 650 2236 nisi
668 2183 782 2254 turpem
803 2171 920 2248 lamam,
944 2169 1067 2230 hiemem
1090 2179 1118 2231 et
1139 2180 1278 2233 aestatem
1299 2173 1378 2233 iuxta

208 2280 284 2359 pati,
314 2281 390 2342 humi
419 2287 622 2364 requiescere,
652 2284 756 2344 eodem
779 2292 912 2361 tempore
935 2280 1061 2360 inopiam
1091 2291 1119 2340 et
1148 2280 1280 2343 laborem
1303 2283 1378 2343 tole·

206 2407 282 2448 rare.
326 2390 378 2449 llis
401 2411 459 2470 ego
482 2396 649 2474 praeceptis
672 2394 777 2454 milites
798 2390 955 2467 hortabor,
975 2410 1071 2471 neque
1093 2391 1161 2452 illos
1185 2402 1248 2453 arte
1270 2393 1427 2470 colam,34
1528 2434 1529 2458 r

207 2515 252 2555 me
277 2498 445 2579 opulenter,
476 2523 570 2584 neque
598 2504 722 2583 gloriam
744 2521 836 2562 meam
864 2500 994 2561 laborem
1018 2502 1132 2562 illorum
1153 2504 1266 2562 faciam.
1310 2502 1427 2565 Hocas
1528 2528 1529 2540 ¹

207 2614 252 2666 est
274 2605 359 2684 utile,
388 2609 445 2671 boc
469 2613 554 2674 civile
579 2615 739 2694 imperium.
783 2611 930 2691 Namque,
960 2631 1045 2690 quum
1067 2621 1126 2672 tute
1153 2631 1206 2691 per
1227 2612 1378 2673 mollitiem

206 2734 296 2795 agas,
328 2721 487 2782 exercitum
510 2725 655 2805 supplicio
680 2742 808 2802 cogere,
837 2722 866 2781 id
888 2732 933 2782 est
953 2722 1112 2800 dominum,
1140 2742 1198 2783 non
1221 2724 1377 2802 imperato·

206 2847 268 2890 rem
291 2848 368 2890 esse.
412 2834 493 2894 llaec
519 2843 606 2913 atque
631 2836 699 2895 talia
719 2836 844 2895 maiores
868 2833 958 2893 vostri
981 2833 1116 2894 faciundo
1139 2853 1231 2913 seque
1255 2835 1377 2911 remque
1388 2850 1425 2900 36

242 3019 285 3072 27.
304 3035 339 3070 eae
354 3024 430 3073 aniani
446 3025 493 3074 mei
507 3021 640 3089 sententio]
662 3024 772 3074 ItaRo-
850 3018 917 3086 arte]
935 3036 962 3072 v.
981 3021 1016 3071 ari
1034 3022 1094 3088 Iug.
1120 3025 1170 3086 45,
1190 3023 1215 3076 2.
1238 3021 1304 3073 Arte
1325 3036 1378 3071 co-

207 3097 281 3147 mani
311 3113 343 3148 ex
373 3100 491 3152 formula
525 3100 706 3167 loquebantur
736 3102 772 3150 ad
814 3099 883 3146 lere
901 3102 957 3147 est:
977 3100 1096 3151 tenuiter
1113 3101 1216 3151 babere.

208 3175 291 3226 animi
310 3181 513 3241 persuasionem
532 3181 652 3243 graviter
670 3183 772 3230 testan-
846 3177 951 3238 gloriam
974 3193 1050 3240 meam
1078 3179 1188 3240 laborem
1210 3180 1308 3228 illorum
1333 3177 1377 3240 fa·

209 3253 289 3312 dam;
310 3252 347 3304 cf.
367 3254 424 3306 Cio,
443 3256 478 3306 de
494 3255 547 3305 Off.
566 3258 625 3316 ΙΙΙ,
648 3257 691 3318 29,
712 3257 771 3308 108.
813 3249 886 3316 ciam]
907 3252 992 3302 Meam
1007 3258 1034 3304 ct
1049 3258 1146 3306 illoram
1159 3271 1240 3321 quum
1252 3254 1288 3304 ad
1301 3269 1378 3319 prae·

208 3321 281 3382 Quod
297 3334 333 3368 ecc
350 3325 476 3374 animitas·
492 3328 616 3375 sententia
633 3327 738 3374 iuratis.
815 3327 934 3378 dicatum
952 3334 1101 3398 pertineat,
1125 3350 1221 3386 sensus
1244 3337 1301 3384 est:
1322 3335 1378 3397 plo·

245 3397 307 3446 bene
323 3399 468 3465 praedicet]
488 3402 642 3453 Vernacula
654 3406 709 3452 est:
721 3405 774 3453 siet
814 3408 878 3455 mam
895 3405 952 3456 mus
974 3413 1115 3475 arrogata,
1140 3412 1250 3463 laborem
1267 3412 1317 3460 iilis
1334 3425 1377 3459 re-

206 3481 253 3539 pat
270 3475 448 3536 aussprecben.
814 3485 929 3546 linquam.
956 3484 997 3534 De
1015 3489 1172 3551 pronomine
1196 3489 1232 3540 of.
1252 3489 1314 3554 Ing·
1333 3487 1376 3550 14,

242 3537 372 3628 supersint]
391 3552 409 3604 i.
425 3569 449 3606 a.
469 3554 638 3620 redarguunt,
655 3555 773 3622 imagine
816 3558 840 3608 1.
865 3559 939 3609 Hist.
956 3560 1001 3611 Fr.
1021 3563 1050 3626 l,
1069 3565 1117 3628 49,
1135 3567 1179 3618 23.
1198 3567 1275 3628 Quian
1292 3592 1325 3602 —
1340 3566 1378 3613 iu·

212 3642 228 3677 a
246 3629 415 3680 certantibus
434 3636 552 3696 sumpta.
814 3637 905 3686 sidiam
923 3651 1020 3699 suam,
1044 3646 1158 3702 proemio
1180 3659 1258 3706 penes
1282 3656 1378 3708 paucos

245 3702 288 3756 28.
308 3708 466 3776 imposuistis]
484 3709 626 3774 Imposuere,
645 3710 678 3760 (le
694 3725 775 3760 onera
815 3715 996 3779 intellegerent,-
1023 3717 1056 3768 da
1074 3720 1194 3783 genitivo
1212 3736 1239 3772 v.
1262 3720 1297 3770 ad
1314 3721 1375 3784 Iug.

212 3786 240 3833 et
257 3797 286 3832 re
303 3787 383 3850 gravi
402 3787 521 3853 dictum,
541 3802 589 3854 per
606 3803 720 3854 neugma
738 3788 774 3838 ad
817 3792 864 3855 79,
883 3793 908 3847 8.

210 3865 326 3914 bonorem
342 3866 473 3932 refertur,
493 3869 540 3935 qui
552 3869 644 3929 datur,
663 3885 718 3919 non
731 3872 774 3919 im·
850 3877 893 3931 35,
921 3874 1002 3941 civile]
1031 3877 1049 3928 i.
1081 3894 1105 3928 e.
1134 3894 1189 3928 non
1216 3880 1376 3944 superbum

207 3944 324 4004 pontium·
342 3958 368 3993 v·
390 3945 425 3995 ad
442 3945 502 4012 lug.
529 3947 575 4010 14,
594 3947 619 3997 4.
648 3946 773 3998 ceterum
816 3973 892 4008 come
911 3961 939 4005 et
962 3955 1123 4016 humanum
1151 3956 1186 4009 cf.
1209 3957 1271 4008 Liv.
1294 3958 1377 4020 XLV,

211 4019 248 4070 cf.
267 4017 291 4080 ξ.
311 4018 336 4069 3.
816 4037 864 4098 42,
882 4035 907 4086 5.
926 4033 994 4083 Nulli
1006 4041 1063 4083 erar
1082 4035 1187 4085 civilis
1200 4039 1304 4087 anianus.
1323 4037 1379 4086 ua-

244 4104 288 4156 33.
305 4104 391 4171 iacta]
416 4107 434 4158 i.
462 4123 485 4160 e.
509 4108 602 4160 cadem
624 4109 772 4172 facilitate3
816 4114 863 4164 cit.
877 4111 946 4162 Anu.
963 4111 991 4174 l,
1010 4112 1055 4174 72,
1075 4112 1098 4163 l.

212 4198 238 4234 v.
258 4182 292 4231 ad
311 4182 372 4234 (iat.
391 4185 422 4246 2,
441 4183 466 4236 8.
848 4191 971 4252 supplicio
989 4187 1090 4254 eogere]
1118 4189 1136 4239 i.
1162 4205 1185 4240 e.
1211 4188 1313 4240 crudeli
1331 4189 1378 4239 im·

244 4258 288 4308 34.
312 4261 363 4310 Hie
383 4289 418 4297 -
435 4263 595 4330 praeceptis]
627 4266 646 4316 i.
670 4283 694 4318 e.
721 4267 773 4317 hoc
815 4267 890 4331 pario
912 4266 947 4316 ad
965 4264 1084 4315 officium
1104 4266 1272 4331 compellere.

212 4339 325 4420 eccequplo
356 4343 487 4403 tanquam
516 4343 668 4405 praeceptis
697 4360 772 4406 usus,
849 4348 878 4394 id
895 4353 934 4394 est
948 4343 1077 4408 domiuum]
1099 4345 1134 4395 cf.
1151 4346 1212 4410 Ing.
1231 4345 1277 4407 31,
1298 4346 1340 4396 26.

212 4425 266 4462 rron
284 4411 410 4463 inanibus
426 4414 516 4466 verbis
536 4418 587 4464 etc.
792 4490 794 4494 .
849 4419 891 4470 36.
923 4417 1093 4484 celebravere]
1131 4421 1285 4473 Insoleuter
1313 4425 1377 4472 cete-
