3028 4852
178 303 197 362 6
542 315 818 364 Pnonuoomuun.
861 315 938 364 cnr.
963 319 986 365 1.

178 471 258 532 iatali
285 471 407 551 quadam
438 473 571 549 fortuna,
608 483 637 532 ut
664 472 817 533 Sallustius
842 493 900 534 non
929 475 1022 536 solum
1050 475 1214 556 aequalium
1241 478 1347 538 invidia

181 591 353 660 vexaretur,
383 582 435 643 sed
461 583 546 643 etiam
575 585 651 662 apud
681 595 819 664 posteros
848 586 922 648 lama
951 586 1109 648 laboraret.
1160 587 1348 649 Paucissimis

179 695 254 754 enim
273 696 421 773 exceptis,
440 693 544 771 quibus
565 713 665 754 verum
683 696 828 773 ingenium
847 707 906 774 est,
929 698 1036 776 quique
1058 699 1264 778 praeiudicatis
1284 700 1347 778 opi-

180 803 312 865 ninnibus
333 825 390 866 non
410 807 617 886 impediuntur,
638 826 739 868 omnes
756 826 813 869 uno
836 825 888 867 ore
907 791 1030 869 clamant
1052 808 1182 869 moribus
1202 829 1267 870 eum
1283 827 1348 869 cor·

180 916 353 993 ruptissimis
375 927 462 996 atque
485 917 688 979 effrenatarum
708 918 892 998 cupiditatum
914 917 1019 996 luisse,
1044 919 1235 998 omnibusque
1255 918 1348 989 liniat

180 1024 264 1084 nibus
282 1027 318 1086 ita
340 1025 479 1105 deditum,
503 1036 532 1086 ut
551 1027 658 1089 nullum
678 1039 757 1089 esset
778 1029 934 1106 llagitium,
956 1047 971 1088 a
991 1048 1049 1109 quo
1067 1029 1267 1106 abhorruerit,
1286 1029 1348 1089 nul·

181 1135 239 1195 lum
259 1136 371 1216 scelus,
394 1144 472 1221 quod
492 1161 550 1202 non
571 1140 761 1209 commiserit;
792 1157 876 1218 quam
897 1138 1040 1200 infamiam
1063 1142 1249 1220 turpissimae
1271 1141 1349 1200 vitae

182 1263 219 1305 eo
243 1250 360 1328 augeri,
389 1253 467 1331 quod
495 1253 664 1332 inscriptis
693 1251 752 1310 suis
780 1250 874 1310 malos
899 1251 1024 1311 civitatis
1053 1269 1152 1311 mores
1175 1251 1349 1328 gravissime

182 1358 340 1419 insectatus
370 1379 427 1421 non
453 1363 600 1424 erubuerit
629 1364 658 1421 in
686 1362 751 1420 aliis
780 1354 964 1438 vituperare,
993 1379 1067 1440 quae
1090 1363 1155 1440 ipse
1178 1363 1300 1441 plurima
1320 1369 1350 1420 et

183 1469 451 1547 pessima-iecerit.
496 1475 578 1550 Quae
606 1481 683 1532 tanta
710 1471 826 1531 crimina
855 1471 879 1530 si
906 1491 921 1532 a
945 1471 1046 1550 probis
1075 1491 1171 1551 neque
1201 1471 1350 1532 sublestae

183 1578 250 1638 lidei
271 1581 439 1643 auctoribus
466 1585 494 1645 in
518 1583 686 1646 Sallustium
710 1582 939 1662 coniicerentur,
965 1585 1101 1664 proiecto
1124 1585 1160 1644 de
1189 1584 1251 1642 eius
1273 1581 1350 1642 fama

184 1703 278 1754 actum
296 1707 384 1757 esset.
437 1695 495 1756 Sed
517 1695 660 1754 lluxerunt
682 1690 733 1752 illa
754 1713 792 1752 ex
812 1694 892 1752 fonte
916 1695 1031 1755 turbido
1055 1715 1090 1756 ao
1114 1693 1349 1768 lutulentissimo,

184 1824 242 1884 quo
266 1809 428 1867 accuratius
449 1807 613 1866 examinato
637 1813 771 1882 quantum
793 1806 841 1865 vel
862 1803 1280 1887 malignisobtrectationibus
1301 1803 1349 1864 vel

184 1917 291 1995 ineptis
313 1917 571 1979 declamationibus
594 1913 776 1974 tribuendum
799 1915 851 1992 sit,
874 1916 961 1975 facile
984 1916 1164 1994 intelligitur.
1208 1916 1351 1993 Princeps

184 2028 260 2086 enim
286 2038 388 2089 auctor
420 2029 584 2105 iniquorum
619 2044 654 2084 ac
687 2025 908 2085 falsissimorum
943 2026 979 2085 de
1008 2026 1146 2087 Sallustio
1181 2026 1352 2086 iudiciorum

185 2137 276 2196 luisse
308 2138 450 2217 putandus
480 2146 525 2197 est
553 2137 700 2214 Lenaeus,
737 2135 867 2214 Pompeii
895 2137 1016 2197 libertus
1045 2145 1074 2195 et
1101 2155 1195 2216 paene
1227 2137 1351 2195 omnium

185 2225 402 2324 expeditionum
425 2266 539 2323 eomes,
568 2255 598 2306 ut
625 2247 710 2307 tradit
734 2247 852 2306 Sueton.
875 2246 911 2306 de
933 2247 979 2307 lll.
1004 2266 1124 2325 gramm.
1148 2266 1173 2307 c.
1199 2249 1249 2308 15.
1295 2247 1352 2323 Qui

187 2374 273 2435 quum
300 2375 388 2418 caeca
418 2357 540 2437 quadam
565 2367 593 2417 et
616 2357 820 2438 superstitiosa
846 2366 993 2417 teneretur
1020 2357 1208 2418 admiratione
1235 2358 1352 2436 patroni

186 2466 247 2542 sui,
282 2468 428 2528 vanissimi
456 2468 579 2528 hominis
612 2479 641 2530 et
663 2466 825 2527 incredibili
853 2477 940 2547 atque
972 2469 1112 2528 immerita
1146 2468 1285 2528 felicitate
1312 2468 1351 2527 ita

186 2575 270 2653 elati,
295 2585 324 2635 ut
347 2578 426 2638 orbis
445 2588 585 2638 terrarum
608 2579 751 2639 dominum
775 2597 807 2637 se
828 2587 959 2656 putaret,
982 2588 1050 2658 post
1071 2577 1265 2639 miserabilem
1289 2577 1352 2637 eius

187 2696 217 2747 et
236 2687 390 2765 inglorium
413 2707 510 2748 casum
529 2707 638 2749 summo
658 2691 796 2766 omnium,
820 2690 868 2768 qui
887 2708 903 2750 a
922 2687 1057 2750 Caesaris
1079 2688 1209 2767 partibus
1228 2688 1351 2766 stabant,

187 2797 254 2856 odio
283 2799 418 2878 impletus
447 2799 515 2878 tuit,
546 2819 696 2879 aegreque
724 2798 854 2876 serebat,
888 2799 966 2879 quod
995 2783 1163 2877 Sallustius,
1191 2810 1352 2880 perpetuus

187 2907 338 2988 Pompeii,
361 2911 426 2971 dum
445 2912 529 2973 vivus
551 2920 629 2989 erat,
649 2911 848 2988 adversarius,
878 2912 915 2971 ita
939 2911 1001 2970 eius
1023 2909 1113 2970 ioedo
1137 2909 1226 2970 exitui
1249 2927 1351 2989 super-

187 3028 248 3078 stes
276 3029 368 3100 esset,
401 3031 432 3082 ut
460 3040 582 3084 securus
613 3021 699 3082 vitam
729 3020 895 3100 opulentam
924 3020 1116 3100 omnibusque
1146 3020 1290 3081 munditiis
1311 3021 1352 3080 ai·

188 3129 322 3191 liuentem
345 3133 477 3210 degeret.
523 3131 582 3192 Sed
606 3140 759 3210 postquam
781 3132 805 3190 is
827 3131 971 3192 Historias
997 3132 1103 3208 edidit,
1119 3133 1159 3190 in
1183 3131 1289 3210 quibus
1316 3130 1353 3190 de

188 3239 329 3317 Pompeio
351 3259 436 3319 quum
464 3242 520 3303 alia
543 3244 692 3303 verissima
721 3244 852 3322 quidem,
883 3240 935 3301 sed
965 3259 1065 3320 parum
1087 3242 1262 3320 honorifica,
1294 3251 1352 3301 turn

187 3349 246 3409 hoo
268 3349 389 3410 dixisset
409 3353 496 3430 „oris
519 3372 582 3412 eum
605 3353 745 3433 improbi,
776 3353 870 3412 animo
894 3351 1090 3411 inverecundo
1100 3355 1119 3388 ‘⁶
1141 3353 1248 3428 luisse,
1276 3352 1352 3412 adeo

189 3461 277 3520 homo
306 3462 436 3522 veritatis
469 3463 621 3542 impatiens
650 3464 691 3524 ira
721 3463 844 3539 exarsit,
876 3471 906 3522 ut
933 3470 1008 3522 teste
1036 3462 1176 3522 Suetonio
1204 3462 1223 3522 l.
1247 3463 1267 3523 l.
1291 3461 1353 3522 Sal-

187 3571 302 3631 lustium
343 3572 553 3648 „acerbissima
591 3573 678 3634 satira
712 3573 906 3650 laceraverit,
949 3573 1104 3634 lastaurum
1140 3581 1169 3631 et
1203 3572 1353 3632 lurconem

190 3690 219 3740 et
242 3680 416 3742 nebulonem
436 3686 671 3763 popinonemque
689 3683 859 3762 appellans,
882 3693 911 3744 et
928 3685 986 3745 vita
1009 3685 1185 3763 scriptisque
1208 3694 1351 3746 monstro-

190 3810 268 3869 sum,
300 3802 453 3870 praeterea
478 3795 639 3872 priscorum
662 3793 840 3872 Catonisque
860 3795 1016 3855 verborum
1037 3795 1287 3883 ineruditissimum
1310 3796 1353 3854 fu-

153 3967 158 3976 ,
189 3877 284 3963 rern“.
305 3935 348 3949 -—
376 3901 437 3980 En,
466 3903 558 3965 habes
588 3906 740 3984 egregium
764 3905 833 3966 illud
860 3906 1070 3982 testimonium,
1100 3923 1158 3984 quo
1182 3905 1353 3984 comproba·

189 4023 246 4074 tum
270 4021 352 4092 eunt,
383 4012 547 4074 Sallustium
573 4016 663 4076 luisse
688 4015 968 4094 profligatissimum!
999 4016 1089 4092 unde,
1119 4017 1143 4075 si
1169 4035 1239 4077 vere
1267 4017 1353 4082 aesti-

189 4142 269 4184 mare
290 4123 440 4201 volumus,
463 4123 521 4184 boc
543 4145 627 4187 unum
651 4135 730 4205 patet
752 4126 927 4186 nebulonem
948 4127 1099 4187 maximnm
1123 4145 1158 4188 ac
1179 4127 1352 4188 maledicen-

189 4235 328 4295 tissimum
348 4235 583 4296 calumniatorem
604 4235 695 4294 iuisse
717 4235 861 4295 lenaeum
884 4239 986 4315 ipsum.
1029 4235 1101 4295 Nam
1125 4237 1148 4296 si
1172 4237 1241 4297 nihil
1266 4238 1353 4317 plane

190 4366 227 4408 ex
249 4345 377 4406 Sallustii
401 4345 517 4424 scriptis
539 4346 574 4405 ad
595 4366 649 4407 nos
673 4349 872 4425 pervenisset,
903 4347 967 4424 quis
997 4346 1141 4407 dubitaret
1163 4347 1279 4408 Lenaeo
1304 4367 1352 4408 au·
