3070 4852
206 269 269 335 etr
612 279 643 328 e.
667 279 835 328 suanusm
859 277 972 326 cmsrr

209 439 292 516 llum,
317 437 453 516 Quirites.
498 435 560 500 lllis
582 436 702 498 dillleile
725 447 771 500 est
793 436 821 496 in
842 435 1038 517 potestatibus
1057 443 1239 513 temperare,
1263 435 1319 513 qui
1341 444 1446 514 perit

210 547 393 614 uurbltlouem
423 566 490 610 sete
522 545 633 628 probos
655 548 845 618 simulavere;
875 547 958 624 mibi,
993 547 1042 624 qui
1072 562 1186 604 omnem
1208 553 1341 604 aetatem
1372 546 1407 602 in

213 661 338 740 optumis
360 657 470 724 ertttur
493 661 557 738 egi,
587 659 663 720 bene
686 659 787 720 lacere
814 660 870 719 iam
899 676 937 717 ex
960 655 1168 716 consuetudine
1196 655 1225 714 in
1254 664 1404 714 naturam

211 773 307 832 vortit.
352 769 463 832 Bellum
486 789 531 832 me
557 787 664 848 gerere
691 787 755 829 eum
774 769 913 847 Iugurtha
936 767 1078 844 iussistis,
1109 783 1193 844 quam
1216 784 1278 824 rem
1306 763 1404 823 nobi·
1419 776 1453 825 10

212 881 278 944 litus
300 897 473 960 aegerrume
496 881 567 944 tulit.
612 880 747 957 Quaeso,
781 889 915 959 reputate
945 896 1008 936 oum
1036 876 1286 953 animisnostris,
1324 895 1403 934 num

213 992 239 1054 id
259 991 361 1054 mutari
381 987 485 1050 melius
510 991 563 1067 sit,
592 993 724 1069 siquem
755 1009 793 1052 ex
816 989 866 1049 illo
890 987 983 1066 globo
1011 986 1170 1047 nobilitatis
1198 985 1234 1046 ad
1261 986 1322 1046 boe
1346 995 1407 1046 aut

213 1102 289 1166 uliud
318 1101 376 1164 lule
403 1099 552 1176 negotium
582 1101 713 1178 mittatis,
742 1099 886 1162 hominem
915 1098 1026 1157 veteris
1049 1098 1207 1177 prosapiae
1230 1115 1266 1157 ao
1289 1097 1404 1157 multa-

213 1233 275 1276 rum
298 1212 453 1290 imaginum
483 1219 512 1272 et
539 1189 644 1269 nullius
673 1210 814 1289 stipendi,
844 1207 958 1268 scilieet
987 1217 1017 1266 ut
1047 1209 1075 1267 in
1104 1217 1181 1268 tanta
1209 1225 1243 1268 re
1271 1209 1404 1285 ignarus

215 1323 339 1384 omnium
360 1318 503 1400 trepidet,
528 1319 662 1395 festinet,
691 1329 782 1377 sumat
804 1319 929 1398 aliquem
950 1339 988 1379 ex
1013 1318 1124 1398 populo
1150 1319 1327 1378 monitorem
1350 1319 1401 1378 oi-

217 1435 263 1494 llei
286 1433 341 1490 sui.
377 1429 420 1490 lta
442 1427 613 1507 plerumque
636 1427 748 1504 evenit,
772 1436 818 1504 ut,
843 1446 927 1506 quem
951 1446 1005 1489 vos
1025 1430 1233 1508 imperatorem
1252 1429 1395 1508 iussistis,
1416 1443 1447 1493 11

218 1543 242 1601 is
265 1538 321 1600 sibi
342 1540 549 1616 imperatorem
571 1537 656 1597 alium
676 1545 806 1614 quaerat.
850 1535 949 1615 Atque
972 1557 1029 1616 ego
1054 1540 1135 1616 seio,
1160 1539 1304 1617 Quirites,
1329 1542 1396 1618 qui,
1413 1555 1449 1604 12

218 1659 372 1732 postquam
394 1646 532 1708 eonsules
554 1647 624 1708 laeti
646 1655 729 1724 suut,
760 1655 824 1706 acta
844 1645 983 1706 maiorum
1007 1656 1036 1707 et
1055 1649 1233 1709 Graecorum
1256 1649 1398 1712 militaria

219 1769 379 1845 praerepta
408 1759 511 1836 legere
536 1759 706 1837 coeperint,
724 1791 768 1802 —
790 1759 976 1837 praeposteri
1005 1758 1155 1827 homines;
1189 1778 1254 1820 nam
1280 1779 1395 1837 gerere

218 1891 303 1956 quam
325 1871 390 1932 teri
412 1880 545 1950 tempore
569 1871 731 1950 posterius,
758 1887 791 1926 re
813 1877 900 1947 atque
930 1887 982 1927 usu
1005 1869 1085 1946 prius
1112 1879 1167 1929 est.
1213 1868 1392 1949 Comparate
1409 1880 1446 1930 13

219 2002 309 2062 nune,
342 1983 485 2059 Quirites,
515 1999 578 2040 uum
603 1981 717 2041 illorum
741 1977 877 2058 superbia
904 1997 949 2038 me
972 1978 1117 2038 bominem
1145 1997 1261 2038 rrovum.
1306 1981 1392 2056 Quae

219 2096 260 2156 illi
283 2093 382 2156 audire
405 2102 434 2153 et
456 2093 559 2168 legere
581 2092 693 2168 solent,
717 2107 817 2149 eorum
840 2097 952 2166 partem
974 2087 1048 2165 vidi,
1075 2088 1130 2149 alia
1152 2099 1271 2167 egomet
1291 2093 1391 2167 gessi;

220 2223 295 2285 quae
320 2203 363 2263 illi
392 2203 512 2280 litteris,
543 2221 576 2262 ea
607 2220 666 2280 ego
693 2197 839 2259 militando
867 2197 962 2256 didiei.
1013 2196 1097 2258 Nune
1124 2218 1179 2259 vos
1205 2200 1389 2278 existumete,
1404 2208 1440 2257 14

219 2315 295 2374 laeta
321 2331 358 2372 an
380 2311 456 2372 diota
481 2310 573 2390 pluris
599 2315 663 2371 sint.
709 2309 901 2369 Contemnunt
927 2308 1083 2368 nouitatem
1106 2328 1214 2388 meam,
1244 2327 1301 2388 ego
1325 2310 1391 2370 illo·

220 2441 282 2482 rum
305 2423 463 2497 ignaviam;
493 2420 560 2480 mihi
587 2420 718 2496 fortuna,
752 2418 809 2478 illis
837 2417 945 2496 probra
974 2417 1166 2480 oblectantur.
1211 2422 1392 2499 Quamquam
1405 2425 1440 2475 15

221 2548 280 2608 ego
311 2539 440 2590 naturam
473 2547 554 2588 onam
583 2540 612 2589 et
639 2545 818 2588 communem
844 2529 967 2587 omnium
996 2531 1154 2610 existumo,
1186 2531 1237 2592 sed
1259 2531 1394 2591 lortissu·

153 2687 155 2693 .
220 2659 294 2700 mum
322 2658 467 2719 quemque
490 2641 765 2719 generosissumum.
810 2637 856 2697 Aa
885 2639 908 2697 si
930 2639 983 2698 iam
1012 2659 1049 2700 ex
1071 2642 1200 2722 patribus
1225 2643 1322 2702 Albini
1342 2647 1440 2701 autltt

220 2752 336 2813 Bestiae
365 2753 465 2832 quaeri
493 2761 611 2832 posset,
641 2767 725 2810 mene
747 2766 784 2808 an
806 2747 874 2807 illos
902 2767 939 2808 ex
964 2767 996 2808 se
1023 2752 1105 2828 gigni
1132 2754 1295 2831 maluerint,
1324 2751 1394 2830 quid

256 2940 282 2992 9.
303 2940 480 3008 potestatibus]
499 2957 527 2992 r.
545 2941 580 2991 ad
600 2943 660 3007 Iug.
680 2938 727 3002 63,
746 2941 772 2989 5.
830 2935 921 2986 culam
937 2937 1090 2994 nobilitatis
1112 2937 1145 2989 de
1167 2941 1248 2991 rebus
1273 2938 1393 3002 antiquis

255 3018 409 3086 temperare]
430 3020 610 3071 Intransitive
634 3023 677 3071 est
694 3017 788 3067 niodum
831 3019 859 3065 et
877 3013 1008 3063 obsoletis
1027 3015 1225 3080 gloriationem.

220 3114 334 3150 seruare.
369 3099 506 3150 Usitatius
531 3099 631 3149 dieitur
656 3096 705 3148 sibi
730 3103 788 3145 tem·
866 3107 901 3141 ea
917 3089 1021 3157 papirio]
1041 3108 1068 3144 v.
1088 3094 1125 3144 ad
1141 3095 1201 3146 Cat.
1220 3094 1268 3157 38,
1286 3093 1311 3144 3.

220 3190 327 3240 parare.
868 3168 910 3218 ll.
928 3166 1049 3234 iussistis]
1071 3169 1206 3230 Quoniam
1222 3171 1308 3221 iubere
1323 3169 1393 3219 diee-

258 3252 299 3301 10.
319 3253 343 3299 εἰ
367 3277 401 3286 -
423 3249 539 3314 mittatis]
563 3251 649 3312 Quasi
670 3262 719 3313 per
743 3262 789 3311 ep·
831 3247 912 3298 batur
935 3247 1067 3311 populus,
1094 3264 1164 3312 quae
1182 3248 1318 3314 suffragiis
1336 3247 1391 3296 suis

224 3329 353 3392 exegesim
376 3327 444 3377 haee
472 3329 507 3376 ad
535 3329 620 3377 verba
645 3329 673 3375 icl
697 3328 792 3375 aretari
831 3324 1011 3375 constitueret
1029 3326 1069 3390 (v.
1087 3325 1124 3375 ad
1140 3329 1202 3392 Iug.
1220 3327 1263 3391 40,
1280 3327 1328 3389 3.),
1347 3329 1392 3376 ia-

223 3405 552 3466 illustrandapertinent3
570 3407 599 3454 id
620 3405 690 3455 enim
709 3421 789 3470 gene·
829 3404 908 3453 bere
933 3403 1105 3465 raagr'strutum
1129 3406 1235 3470 aliquem
1258 3401 1392 3468 signifieat

223 3480 319 3530 taliter
332 3479 452 3541 indicat,
472 3480 543 3544 quod
556 3481 732 3546 sequentibus
747 3471 803 3532 ex·¹
831 3491 962 3538 er·eare;
982 3477 1017 3528 ef.
1029 3479 1098 3530 Liv.
1115 3481 1139 3543 I,
1156 3481 1198 3544 17,
1210 3481 1236 3534 9.
1255 3481 1332 3543 Quam
1347 3493 1390 3544 po-

222 3555 351 3622 plieatius
370 3554 483 3616 dieitur3
500 3558 535 3608 el.
553 3557 615 3624 Ing.
633 3559 682 3615 81,
701 3562 726 3609 4.
828 3557 903 3617 putres
921 3570 1026 3619 regem
1044 3558 1208 3609 iussisset.
1229 3558 1266 3610 id.
1282 3557 1334 3619 111,
1350 3557 1389 3621 30,

256 3630 341 3700 globo]
363 3632 456 3683 Globus
472 3638 503 3684 ut
525 3635 553 3685 in
571 3653 601 3687 re
618 3637 729 3688 militari
748 3641 790 3686 est
830 3631 855 3682 6,
875 3631 1015 3694 Expressit
1036 3633 1082 3684 boe
1104 3640 1245 3686 necessitas
1260 3635 1389 3697 putridum

223 3711 788 3777 eonstipatamauus,quemnullabostium
830 3709 858 3760 td
874 3709 944 3756 uredo
967 3723 1107 3773 emeritam,
1135 3729 1166 3762 ne
1185 3721 1278 3776 postea
1296 3715 1389 3764 eosdem

224 3792 266 3845 vis
285 3791 412 3858 frangere
429 3792 531 3856 possit,
549 3793 589 3844 ita
606 3795 635 3844 iu
652 3795 733 3844 rebus
752 3793 789 3846 eie
831 3789 974 3841 tribunos
992 3791 1152 3842 iuberent.

223 3871 323 3923 vilibus
342 3869 481 3936 signifieat
498 3871 675 3924 factiosorum
694 3873 731 3937 (v.
752 3873 786 3923 ad
866 3867 907 3916 12·
931 3865 996 3932 seio]
1023 3867 1040 3916 i.
1069 3883 1092 3918 e.
1117 3871 1186 3932 aovi,
1212 3871 1328 3934 coguovit
1351 3881 1387 3916 δῦ·

223 3953 283 4016 Iug.
302 3949 328 4012 8,
348 3947 384 4014 l.)
404 3948 541 4000 eohortem
554 3951 787 4016 impenetrabilem
829 3947 956 4010 quosdam·

223 4027 324 4093 (Germ.
344 4029 399 4077 eine
417 4027 513 4090 liutte).
861 4038 953 4089 perere
971 4039 1043 4087 quam
1058 4026 1119 4088 (ieri
1137 4023 1204 4090 eta]
1224 4022 1389 4076 Generaliter

255 4098 405 4167 prosapiae]
421 4103 727 4167 Priscumveoabulum,
743 4107 786 4155 eui
827 4101 879 4170 ltop
903 4103 1004 4152 dictum
1028 4101 1061 4152 de
1083 4103 1282 4153 administranda
1307 4106 1334 4150 et
1350 4117 1388 4150 oe-

225 4192 258 4226 ex
276 4195 362 4246 aequo
383 4180 528 4244 respondet
552 4179 726 4230 vernaculum
745 4184 787 4231 die
827 4182 942 4243 eipieucto
967 4195 1085 4232 munere.
1121 4181 1228 4245 Arguta
1255 4179 1388 4229 sententia

222 4252 314 4316 Sippar,
338 4254 495 4318 Sippselraft.
524 4256 596 4305 Usus
615 4261 658 4306 est
679 4272 710 4307 eo
729 4259 787 4307 Ma·
828 4272 861 4306 eo
885 4262 1007 4318 constat,
1032 4257 1105 4321 quod
1127 4273 1220 4322 perere
1247 4258 1276 4305 in
1304 4258 1387 4321 priore

223 4329 293 4390 risu,
317 4335 347 4379 ut
372 4329 480 4394 oblique
508 4331 703 4394 perstringeret
722 4333 785 4382 ridi·
828 4334 945 4382 membre
962 4333 1100 4398 signifieat
1117 4337 1197 4396 ipram
1214 4347 1296 4384 rerum
1315 4333 1387 4384 adrni-
