<?xml version="1.0" encoding="UTF-8"?>
<!DOCTYPE html PUBLIC "-//W3C//DTD XHTML 1.0 Transitional//EN"
    "http://www.w3.org/TR/xhtml1/DTD/xhtml1-transitional.dtd">
<html xmlns="http://www.w3.org/1999/xhtml" xml:lang="en" lang="en">
 <head>
  <title>
</title>
<meta http-equiv="Content-Type" content="text/html;charset=utf-8" />
  <meta name='ocr-system' content='tesseract 3.04.00' />
  <meta name='ocr-capabilities' content='ocr_page ocr_carea ocr_par ocr_line ocrx_word'/>
</head>
<body>
  <div class='ocr_page' id='page_1' title='image "./catilinaiugurth01sallgoog_0035.png"; bbox 0 0 3028 4852; ppageno 0'>
   <div class='ocr_carea' id='block_1_1' title="bbox 103 285 1029 368">
    <p class='ocr_par' dir='ltr' id='par_1_1' title="bbox 103 285 1029 368">
     <span class='ocr_line' id='line_1_1' title="bbox 103 285 1029 368; baseline -0.005 -1"><span class='ocrx_word' id='word_1_1' title='bbox 103 285 105 290; x_wconf 38' lang='lat'><strong>¹</strong></span> <span class='ocrx_word' id='word_1_2' title='bbox 216 307 255 368; x_wconf 88' lang='lat'><strong>16</strong></span> <span class='ocrx_word' id='word_1_3' title='bbox 570 314 845 364; x_wconf 78' lang='lat' dir='ltr'><strong>Pronnaounrm.</strong></span> <span class='ocrx_word' id='word_1_4' title='bbox 890 315 967 363; x_wconf 79' lang='lat' dir='ltr'><strong>oar.</strong></span> <span class='ocrx_word' id='word_1_5' title='bbox 991 315 1029 362; x_wconf 94' lang='lat'><strong>11.</strong></span> 
     </span>
    </p>
   </div>
   <div class='ocr_carea' id='block_1_2' title="bbox 215 451 1392 646">
    <p class='ocr_par' dir='ltr' id='par_1_2' title="bbox 215 443 1492 646">
     <span class='ocr_line' id='line_1_2' title="bbox 215 451 1392 555; baseline -0.005 -20"><span class='ocrx_word' id='word_1_6' title='bbox 215 492 336 555; x_wconf 91' lang='lat' dir='ltr'><strong>quorum</strong></span> <span class='ocrx_word' id='word_1_7' title='bbox 358 451 452 533; x_wconf 85' lang='lat' dir='ltr'><strong>lamae</strong></span> <span class='ocrx_word' id='word_1_8' title='bbox 475 471 552 533; x_wconf 87' lang='lat' dir='ltr'><strong>nulla</strong></span> <span class='ocrx_word' id='word_1_9' title='bbox 573 472 716 550; x_wconf 87' lang='lat' dir='ltr'><strong>insignior</strong></span> <span class='ocrx_word' id='word_1_10' title='bbox 737 471 849 531; x_wconf 89' lang='lat' dir='ltr'><strong>macula</strong></span> <span class='ocrx_word' id='word_1_11' title='bbox 874 488 996 549; x_wconf 89' lang='lat' dir='ltr'><strong>aspersa</strong></span> <span class='ocrx_word' id='word_1_12' title='bbox 1022 478 1082 548; x_wconf 90' lang='lat' dir='ltr'><strong>est,</strong></span> <span class='ocrx_word' id='word_1_13' title='bbox 1111 471 1170 530; x_wconf 86' lang='lat' dir='ltr'><strong>vita</strong></span> <span class='ocrx_word' id='word_1_14' title='bbox 1193 467 1392 547; x_wconf 89' lang='lat' dir='ltr'><strong>moribusque</strong></span> 
     </span>
     <span class='ocr_line' id='line_1_3' title="bbox 216 582 573 646; baseline -0.011 0"><span class='ocrx_word' id='word_1_15' title='bbox 216 585 367 646; x_wconf 82' lang='lat' dir='ltr'><strong>credamus</strong></span> <span class='ocrx_word' id='word_1_16' title='bbox 389 582 573 644; x_wconf 76' lang='lat' dir='ltr'><strong>deteriorem.</strong></span> 
     </span>
    </p>
   </div>
   <div class='ocr_carea' id='block_1_3' title="bbox 674 781 924 791">
    <p class='ocr_par' dir='ltr' id='par_1_3' title="bbox 674 781 924 791">
     <span class='ocr_line' id='line_1_4' title="bbox 674 781 924 791; baseline -0.012 0"><span class='ocrx_word' id='word_1_17' title='bbox 674 781 924 791; x_wconf 43' lang='grc' dir='ltr'><em>...ᾔ-</em></span> 
     </span>
    </p>
   </div>
   <div class='ocr_carea' id='block_1_4' title="bbox 488 997 1149 1236">
    <p class='ocr_par' dir='ltr' id='par_1_4' title="bbox 488 997 1149 1236">
     <span class='ocr_line' id='line_1_5' title="bbox 722 997 1149 1083; baseline -0.005 -21"><span class='ocrx_word' id='word_1_18' title='bbox 722 997 806 1062; x_wconf 80' lang='lat' dir='ltr'><strong>Osr.</strong></span> <span class='ocrx_word' id='word_1_19' title='bbox 829 997 876 1062; x_wconf 88' lang='grc' dir='ltr'><strong>ΙΙ.</strong></span> <span class='ocrx_word' id='word_1_20' title='bbox 1145 1077 1149 1083; x_wconf 25' lang='lat'>¹</span> 
     </span>
     <span class='ocr_line' id='line_1_6' title="bbox 488 1152 1114 1236; baseline -0.005 -17"><span class='ocrx_word' id='word_1_21' title='bbox 488 1154 528 1220; x_wconf 84' lang='lat' dir='ltr'><strong>lte</strong></span> <span class='ocrx_word' id='word_1_22' title='bbox 548 1152 674 1219; x_wconf 82' lang='lat' dir='ltr'><strong>Sallustii</strong></span> <span class='ocrx_word' id='word_1_23' title='bbox 695 1156 807 1236; x_wconf 84' lang='lat' dir='ltr'><strong>scriptis</strong></span> <span class='ocrx_word' id='word_1_24' title='bbox 827 1161 856 1219; x_wconf 84' lang='lat' dir='ltr'><strong>et</strong></span> <span class='ocrx_word' id='word_1_25' title='bbox 873 1155 984 1219; x_wconf 87' lang='lat' dir='ltr'><strong>dicendi</strong></span> <span class='ocrx_word' id='word_1_26' title='bbox 1003 1172 1114 1236; x_wconf 77' lang='lat' dir='ltr'><strong>genere.</strong></span> 
     </span>
    </p>
   </div>
   <div class='ocr_carea' id='block_1_5' title="bbox 301 1365 1494 1447">
    <p class='ocr_par' dir='ltr' id='par_1_5' title="bbox 301 1365 1494 1447">
     <span class='ocr_line' id='line_1_7' title="bbox 301 1365 1494 1447; baseline -0.007 -17"><span class='ocrx_word' id='word_1_27' title='bbox 301 1369 361 1430; x_wconf 89' lang='lat' dir='ltr'><strong>lam</strong></span> <span class='ocrx_word' id='word_1_28' title='bbox 383 1369 538 1447; x_wconf 91' lang='lat' dir='ltr'><strong>antiquitus</strong></span> <span class='ocrx_word' id='word_1_29' title='bbox 559 1386 691 1446; x_wconf 88' lang='lat' dir='ltr'><strong>magnam</strong></span> <span class='ocrx_word' id='word_1_30' title='bbox 713 1368 804 1428; x_wconf 85' lang='lat' dir='ltr'><strong>luisse</strong></span> <span class='ocrx_word' id='word_1_31' title='bbox 830 1368 1004 1446; x_wconf 88' lang='lat' dir='ltr'><strong>scriptorum</strong></span> <span class='ocrx_word' id='word_1_32' title='bbox 1028 1366 1157 1428; x_wconf 71' lang='lat' dir='ltr'><strong>Sallustii</strong></span> <span class='ocrx_word' id='word_1_33' title='bbox 1183 1365 1391 1425; x_wconf 88' lang='lat' dir='ltr'><strong>auctoritatem</strong></span> <span class='ocrx_word' id='word_1_34' title='bbox 1493 1399 1494 1422; x_wconf 50' lang='lat' dir='ltr'><strong>l</strong></span> 
     </span>
    </p>
   </div>
   <div class='ocr_carea' id='block_1_6' title="bbox 217 1476 1389 1560">
    <p class='ocr_par' dir='ltr' id='par_1_6' title="bbox 217 1476 1389 1560">
     <span class='ocr_line' id='line_1_8' title="bbox 217 1476 1389 1560; baseline -0.009 -16"><span class='ocrx_word' id='word_1_35' title='bbox 217 1491 305 1560; x_wconf 88' lang='lat' dir='ltr'><strong>atque</strong></span> <span class='ocrx_word' id='word_1_36' title='bbox 327 1479 543 1539; x_wconf 80' lang='lat' dir='ltr'><strong>admirationem</strong></span> <span class='ocrx_word' id='word_1_37' title='bbox 566 1478 696 1558; x_wconf 87' lang='lat' dir='ltr'><strong>plurimis</strong></span> <span class='ocrx_word' id='word_1_38' title='bbox 725 1479 914 1556; x_wconf 77' lang='lat' dir='ltr'><strong>cognoscitur</strong></span> <span class='ocrx_word' id='word_1_39' title='bbox 942 1476 1211 1556; x_wconf 91' lang='lat' dir='ltr'><strong>probatissimorum</strong></span> <span class='ocrx_word' id='word_1_40' title='bbox 1236 1484 1389 1535; x_wconf 86' lang='lat' dir='ltr'><strong>auctorum</strong></span> 
     </span>
    </p>
   </div>
   <div class='ocr_carea' id='block_1_7' title="bbox 217 1585 1495 1668">
    <p class='ocr_par' dir='ltr' id='par_1_7' title="bbox 217 1585 1495 1668">
     <span class='ocr_line' id='line_1_9' title="bbox 217 1585 1495 1668; baseline -0.008 -15"><span class='ocrx_word' id='word_1_41' title='bbox 217 1592 402 1668; x_wconf 84' lang='lat' dir='ltr'><strong>testimoniis,</strong></span> <span class='ocrx_word' id='word_1_42' title='bbox 433 1588 509 1648; x_wconf 88' lang='lat' dir='ltr'><strong>velut</strong></span> <span class='ocrx_word' id='word_1_43' title='bbox 539 1588 656 1664; x_wconf 86' lang='lat' dir='ltr'><strong>Quintil.</strong></span> <span class='ocrx_word' id='word_1_44' title='bbox 685 1587 730 1666; x_wconf 88' lang='lat' dir='ltr'><strong>X,</strong></span> <span class='ocrx_word' id='word_1_45' title='bbox 761 1593 795 1666; x_wconf 91' lang='lat' dir='ltr'><strong>l,</strong></span> <span class='ocrx_word' id='word_1_46' title='bbox 826 1592 896 1652; x_wconf 85' lang='lat'><strong>101.</strong></span> <span class='ocrx_word' id='word_1_47' title='bbox 927 1588 1049 1650; x_wconf 83' lang='lat' dir='ltr'><strong>Martial.</strong></span> <span class='ocrx_word' id='word_1_48' title='bbox 1078 1586 1165 1665; x_wconf 90' lang='lat' dir='ltr'><strong>XIV,</strong></span> <span class='ocrx_word' id='word_1_49' title='bbox 1190 1586 1261 1648; x_wconf 81' lang='lat'><strong>189.</strong></span> <span class='ocrx_word' id='word_1_50' title='bbox 1291 1585 1389 1646; x_wconf 86' lang='lat' dir='ltr'><strong>Tacit.</strong></span> <span class='ocrx_word' id='word_1_51' title='bbox 1494 1610 1495 1660; x_wconf 72' lang='lat' dir='ltr'>j</span> 
     </span>
    </p>
   </div>
   <div class='ocr_carea' id='block_1_8' title="bbox 218 1695 1389 1778">
    <p class='ocr_par' dir='ltr' id='par_1_8' title="bbox 218 1695 1389 1778">
     <span class='ocr_line' id='line_1_10' title="bbox 218 1695 1389 1778; baseline -0.007 -15"><span class='ocrx_word' id='word_1_52' title='bbox 218 1703 293 1763; x_wconf 77' lang='lat' dir='ltr'><strong>dnn.</strong></span> <span class='ocrx_word' id='word_1_53' title='bbox 314 1700 370 1778; x_wconf 94' lang='lat' dir='ltr'><strong>lll,</strong></span> <span class='ocrx_word' id='word_1_54' title='bbox 393 1701 443 1763; x_wconf 87' lang='grc'><strong>30.</strong></span> <span class='ocrx_word' id='word_1_55' title='bbox 489 1699 580 1774; x_wconf 82' lang='lat' dir='ltr'><strong>Quam</strong></span> <span class='ocrx_word' id='word_1_56' title='bbox 604 1702 719 1778; x_wconf 88' lang='lat' dir='ltr'><strong>egregii</strong></span> <span class='ocrx_word' id='word_1_57' title='bbox 740 1701 870 1760; x_wconf 88' lang='lat' dir='ltr'><strong>historici</strong></span> <span class='ocrx_word' id='word_1_58' title='bbox 891 1700 1004 1774; x_wconf 82' lang='lat' dir='ltr'><strong>laudem</strong></span> <span class='ocrx_word' id='word_1_59' title='bbox 1027 1715 1112 1777; x_wconf 91' lang='lat' dir='ltr'><strong>quum</strong></span> <span class='ocrx_word' id='word_1_60' title='bbox 1135 1695 1245 1757; x_wconf 93' lang='lat' dir='ltr'><strong>duabus</strong></span> <span class='ocrx_word' id='word_1_61' title='bbox 1267 1697 1389 1777; x_wconf 90' lang='lat' dir='ltr'><strong>potissi·</strong></span> 
     </span>
    </p>
   </div>
   <div class='ocr_carea' id='block_1_9' title="bbox 217 1807 1495 1890">
    <p class='ocr_par' dir='ltr' id='par_1_9' title="bbox 217 1807 1495 1890">
     <span class='ocr_line' id='line_1_11' title="bbox 217 1807 1495 1890; baseline -0.007 -16"><span class='ocrx_word' id='word_1_62' title='bbox 217 1831 292 1875; x_wconf 94' lang='lat' dir='ltr'><strong>mum</strong></span> <span class='ocrx_word' id='word_1_63' title='bbox 315 1812 402 1872; x_wconf 88' lang='lat' dir='ltr'><strong>rebus</strong></span> <span class='ocrx_word' id='word_1_64' title='bbox 424 1820 598 1871; x_wconf 91' lang='lat' dir='ltr'><strong>consecutus</strong></span> <span class='ocrx_word' id='word_1_65' title='bbox 619 1811 669 1887; x_wconf 90' lang='lat' dir='ltr'><strong>sit,</strong></span> <span class='ocrx_word' id='word_1_66' title='bbox 699 1813 850 1890; x_wconf 89' lang='lat' dir='ltr'><strong>ingeniosa</strong></span> <span class='ocrx_word' id='word_1_67' title='bbox 875 1815 971 1872; x_wconf 89' lang='lat' dir='ltr'><strong>rerutn</strong></span> <span class='ocrx_word' id='word_1_68' title='bbox 999 1809 1169 1870; x_wconf 87' lang='lat' dir='ltr'><strong>tractatione</strong></span> <span class='ocrx_word' id='word_1_69' title='bbox 1195 1816 1224 1868; x_wconf 91' lang='lat' dir='ltr'><strong>et</strong></span> <span class='ocrx_word' id='word_1_70' title='bbox 1246 1807 1391 1866; x_wconf 90' lang='lat' dir='ltr'><strong>orationis</strong></span> <span class='ocrx_word' id='word_1_71' title='bbox 1494 1867 1495 1890; x_wconf 59' lang='lat'><strong>,</strong></span> 
     </span>
    </p>
   </div>
   <div class='ocr_carea' id='block_1_10' title="bbox 218 1921 1391 2442">
    <p class='ocr_par' dir='ltr' id='par_1_10' title="bbox 218 1921 1391 2442">
     <span class='ocr_line' id='line_1_12' title="bbox 219 1921 1349 2004; baseline -0.007 -19"><span class='ocrx_word' id='word_1_72' title='bbox 219 1923 410 2004; x_wconf 86' lang='lat' dir='ltr'><strong>praestantia,</strong></span> <span class='ocrx_word' id='word_1_73' title='bbox 435 1921 538 2000; x_wconf 89' lang='lat' dir='ltr'><strong>quales</strong></span> <span class='ocrx_word' id='word_1_74' title='bbox 560 1921 755 1999; x_wconf 71' lang='lat' dir='ltr'><strong>cecinerint,</strong></span> <span class='ocrx_word' id='word_1_75' title='bbox 781 1923 881 2002; x_wconf 89' lang='lat' dir='ltr'><strong>paucis</strong></span> <span class='ocrx_word' id='word_1_76' title='bbox 903 1921 1041 1982; x_wconf 86' lang='lat' dir='ltr'><strong>dicemus.</strong></span> <span class='ocrx_word' id='word_1_77' title='bbox 1346 1989 1349 1995; x_wconf 25' lang='lat'><em>¹</em></span> 
     </span>
     <span class='ocr_line' id='line_1_13' title="bbox 302 2028 1389 2112; baseline -0.006 -19"><span class='ocrx_word' id='word_1_78' title='bbox 302 2034 363 2093; x_wconf 89' lang='lat' dir='ltr'><strong>lam</strong></span> <span class='ocrx_word' id='word_1_79' title='bbox 387 2050 444 2111; x_wconf 93' lang='lat' dir='ltr'><strong>quo</strong></span> <span class='ocrx_word' id='word_1_80' title='bbox 467 2032 645 2110; x_wconf 80' lang='lat' dir='ltr'><strong>intelligatur</strong></span> <span class='ocrx_word' id='word_1_81' title='bbox 666 2042 800 2111; x_wconf 88' lang='lat' dir='ltr'><strong>quantum</strong></span> <span class='ocrx_word' id='word_1_82' title='bbox 823 2032 976 2092; x_wconf 89' lang='lat' dir='ltr'><strong>Sallustius</strong></span> <span class='ocrx_word' id='word_1_83' title='bbox 999 2033 1113 2112; x_wconf 87' lang='lat' dir='ltr'><strong>priores</strong></span> <span class='ocrx_word' id='word_1_84' title='bbox 1143 2047 1239 2089; x_wconf 93' lang='lat' dir='ltr'><strong>rerum</strong></span> <span class='ocrx_word' id='word_1_85' title='bbox 1262 2028 1389 2106; x_wconf 90' lang='lat' dir='ltr'><strong>scripto-</strong></span> 
     </span>
     <span class='ocr_line' id='line_1_14' title="bbox 218 2137 1390 2223; baseline -0.005 -19"><span class='ocrx_word' id='word_1_86' title='bbox 218 2163 268 2204; x_wconf 88' lang='lat' dir='ltr'><strong>res</strong></span> <span class='ocrx_word' id='word_1_87' title='bbox 291 2151 358 2223; x_wconf 95' lang='lat' dir='ltr'><strong>post</strong></span> <span class='ocrx_word' id='word_1_88' title='bbox 385 2160 417 2201; x_wconf 91' lang='lat' dir='ltr'><strong>se</strong></span> <span class='ocrx_word' id='word_1_89' title='bbox 446 2142 612 2220; x_wconf 85' lang='lat' dir='ltr'><strong>reliquerit,</strong></span> <span class='ocrx_word' id='word_1_90' title='bbox 641 2142 789 2202; x_wconf 91' lang='lat' dir='ltr'><strong>recordari</strong></span> <span class='ocrx_word' id='word_1_91' title='bbox 819 2143 944 2221; x_wconf 91' lang='lat' dir='ltr'><strong>iuvabit,</strong></span> <span class='ocrx_word' id='word_1_92' title='bbox 975 2142 1119 2222; x_wconf 90' lang='lat' dir='ltr'><strong>aquibus</strong></span> <span class='ocrx_word' id='word_1_93' title='bbox 1141 2137 1217 2219; x_wconf 91' lang='lat' dir='ltr'><strong>apud</strong></span> <span class='ocrx_word' id='word_1_94' title='bbox 1237 2139 1390 2200; x_wconf 87' lang='lat' dir='ltr'><strong>Romanos</strong></span> 
     </span>
     <span class='ocr_line' id='line_1_15' title="bbox 220 2224 1391 2334; baseline -0.005 -21"><span class='ocrx_word' id='word_1_95' title='bbox 220 2254 306 2313; x_wconf 90' lang='lat' dir='ltr'><strong>initiis</strong></span> <span class='ocrx_word' id='word_1_96' title='bbox 342 2252 475 2330; x_wconf 90' lang='lat' dir='ltr'><strong>prolecta</strong></span> <span class='ocrx_word' id='word_1_97' title='bbox 503 2252 623 2312; x_wconf 89' lang='lat' dir='ltr'><strong>historia</strong></span> <span class='ocrx_word' id='word_1_98' title='bbox 658 2269 715 2330; x_wconf 91' lang='lat' dir='ltr'><strong>quo</strong></span> <span class='ocrx_word' id='word_1_99' title='bbox 744 2252 794 2312; x_wconf 90' lang='lat' dir='ltr'><strong>illa</strong></span> <span class='ocrx_word' id='word_1_100' title='bbox 829 2224 923 2314; x_wconf 81' lang='lat' dir='ltr'><strong>aetate</strong></span> <span class='ocrx_word' id='word_1_101' title='bbox 956 2271 1118 2334; x_wconf 88' lang='lat' dir='ltr'><strong>progressa</strong></span> <span class='ocrx_word' id='word_1_102' title='bbox 1147 2249 1243 2311; x_wconf 82' lang='lat' dir='ltr'><strong>tuerit.</strong></span> <span class='ocrx_word' id='word_1_103' title='bbox 1295 2249 1391 2327; x_wconf 81' lang='lat' dir='ltr'><strong>Igitur</strong></span> 
     </span>
     <span class='ocr_line' id='line_1_16' title="bbox 221 2361 1389 2442; baseline -0.002 -21"><span class='ocrx_word' id='word_1_104' title='bbox 221 2380 306 2442; x_wconf 94' lang='lat' dir='ltr'><strong>quum</strong></span> <span class='ocrx_word' id='word_1_105' title='bbox 324 2361 477 2438; x_wconf 89' lang='lat' dir='ltr'><strong>antiquitus</strong></span> <span class='ocrx_word' id='word_1_106' title='bbox 503 2361 565 2421; x_wconf 92' lang='lat' dir='ltr'><strong>utili</strong></span> <span class='ocrx_word' id='word_1_107' title='bbox 587 2381 657 2422; x_wconf 91' lang='lat' dir='ltr'><strong>sane</strong></span> <span class='ocrx_word' id='word_1_108' title='bbox 676 2363 799 2424; x_wconf 91' lang='lat' dir='ltr'><strong>consilio</strong></span> <span class='ocrx_word' id='word_1_109' title='bbox 822 2365 977 2424; x_wconf 91' lang='lat' dir='ltr'><strong>institutum</strong></span> <span class='ocrx_word' id='word_1_110' title='bbox 1000 2373 1093 2441; x_wconf 91' lang='lat' dir='ltr'><strong>esset,</strong></span> <span class='ocrx_word' id='word_1_111' title='bbox 1120 2371 1151 2422; x_wconf 89' lang='lat' dir='ltr'><strong>ut</strong></span> <span class='ocrx_word' id='word_1_112' title='bbox 1175 2361 1308 2441; x_wconf 81' lang='lat' dir='ltr'><strong>pontifex</strong></span> <span class='ocrx_word' id='word_1_113' title='bbox 1327 2378 1389 2420; x_wconf 89' lang='lat' dir='ltr'><strong>ma-</strong></span> 
     </span>
    </p>
   </div>
   <div class='ocr_carea' id='block_1_11' title="bbox 221 2471 1497 2552">
    <p class='ocr_par' dir='ltr' id='par_1_11' title="bbox 221 2471 1497 2552">
     <span class='ocr_line' id='line_1_17' title="bbox 221 2471 1497 2552; baseline -0.005 -18"><span class='ocrx_word' id='word_1_114' title='bbox 221 2474 315 2535; x_wconf 83' lang='lat' dir='ltr'><strong>ximus</strong></span> <span class='ocrx_word' id='word_1_115' title='bbox 337 2473 490 2550; x_wconf 88' lang='lat' dir='ltr'><strong>quotannis</strong></span> <span class='ocrx_word' id='word_1_116' title='bbox 513 2473 541 2531; x_wconf 90' lang='lat' dir='ltr'><strong>in</strong></span> <span class='ocrx_word' id='word_1_117' title='bbox 561 2472 656 2532; x_wconf 89' lang='lat' dir='ltr'><strong>album</strong></span> <span class='ocrx_word' id='word_1_118' title='bbox 680 2475 742 2534; x_wconf 88' lang='lat' dir='ltr'><strong>sive</strong></span> <span class='ocrx_word' id='word_1_119' title='bbox 765 2473 898 2550; x_wconf 89' lang='lat' dir='ltr'><strong>annales,</strong></span> <span class='ocrx_word' id='word_1_120' title='bbox 930 2476 977 2552; x_wconf 93' lang='lat' dir='ltr'><strong>qui</strong></span> <span class='ocrx_word' id='word_1_121' title='bbox 998 2473 1063 2533; x_wconf 89' lang='lat' dir='ltr'><strong>inde</strong></span> <span class='ocrx_word' id='word_1_122' title='bbox 1085 2474 1201 2533; x_wconf 82' lang='lat' dir='ltr'><strong>maximi</strong></span> <span class='ocrx_word' id='word_1_123' title='bbox 1220 2471 1268 2533; x_wconf 87' lang='lat' dir='ltr'><strong>vel</strong></span> <span class='ocrx_word' id='word_1_124' title='bbox 1292 2471 1389 2549; x_wconf 89' lang='lat' dir='ltr'><strong>ponti·</strong></span> <span class='ocrx_word' id='word_1_125' title='bbox 1496 2541 1497 2550; x_wconf 9' lang='grc' dir='ltr'>χ</span> 
     </span>
    </p>
   </div>
   <div class='ocr_carea' id='block_1_12' title="bbox 221 2580 1391 4427">
    <p class='ocr_par' dir='ltr' id='par_1_12' title="bbox 221 2557 1497 4427">
     <span class='ocr_line' id='line_1_18' title="bbox 222 2580 1388 2663; baseline -0.005 -19"><span class='ocrx_word' id='word_1_126' title='bbox 222 2585 280 2644; x_wconf 89' lang='lat' dir='ltr'><strong>licii</strong></span> <span class='ocrx_word' id='word_1_127' title='bbox 299 2580 483 2658; x_wconf 88' lang='lat' dir='ltr'><strong>dicebantur,</strong></span> <span class='ocrx_word' id='word_1_128' title='bbox 506 2582 647 2660; x_wconf 89' lang='lat' dir='ltr'><strong>reierret,</strong></span> <span class='ocrx_word' id='word_1_129' title='bbox 671 2585 718 2663; x_wconf 94' lang='lat' dir='ltr'><strong>qui</strong></span> <span class='ocrx_word' id='word_1_130' title='bbox 736 2587 922 2662; x_wconf 80' lang='lat' dir='ltr'><strong>magistratus</strong></span> <span class='ocrx_word' id='word_1_131' title='bbox 943 2585 1069 2644; x_wconf 89' lang='lat' dir='ltr'><strong>maiores</strong></span> <span class='ocrx_word' id='word_1_132' title='bbox 1091 2584 1229 2660; x_wconf 82' lang='lat' dir='ltr'><strong>tuissent,</strong></span> <span class='ocrx_word' id='word_1_133' title='bbox 1253 2583 1301 2661; x_wconf 91' lang='lat' dir='ltr'><strong>qui</strong></span> <span class='ocrx_word' id='word_1_134' title='bbox 1323 2580 1388 2640; x_wconf 90' lang='lat' dir='ltr'><strong>dies</strong></span> 
     </span>
     <span class='ocr_line' id='line_1_19' title="bbox 221 2691 1389 2773; baseline -0.004 -19"><span class='ocrx_word' id='word_1_135' title='bbox 221 2693 288 2754; x_wconf 91' lang='lat' dir='ltr'><strong>iesti</strong></span> <span class='ocrx_word' id='word_1_136' title='bbox 316 2691 472 2769; x_wconf 89' lang='lat' dir='ltr'><strong>celebrati,</strong></span> <span class='ocrx_word' id='word_1_137' title='bbox 507 2709 640 2771; x_wconf 89' lang='lat' dir='ltr'><strong>quaeque</strong></span> <span class='ocrx_word' id='word_1_138' title='bbox 665 2713 713 2754; x_wconf 90' lang='lat' dir='ltr'><strong>res</strong></span> <span class='ocrx_word' id='word_1_139' title='bbox 740 2705 899 2756; x_wconf 88' lang='lat' dir='ltr'><strong>memoratu</strong></span> <span class='ocrx_word' id='word_1_140' title='bbox 928 2696 1033 2773; x_wconf 89' lang='lat' dir='ltr'><strong>dignae</strong></span> <span class='ocrx_word' id='word_1_141' title='bbox 1064 2704 1162 2773; x_wconf 89' lang='lat' dir='ltr'><strong>actae,</strong></span> <span class='ocrx_word' id='word_1_142' title='bbox 1198 2709 1342 2772; x_wconf 89' lang='lat' dir='ltr'><strong>quumque</strong></span> <span class='ocrx_word' id='word_1_143' title='bbox 1370 2693 1389 2749; x_wconf 93' lang='lat' dir='ltr'><strong>ii</strong></span> 
     </span>
     <span class='ocr_line' id='line_1_20' title="bbox 221 2803 1388 2886; baseline -0.003 -23"><span class='ocrx_word' id='word_1_144' title='bbox 221 2803 340 2864; x_wconf 91' lang='lat' dir='ltr'><strong>annales</strong></span> <span class='ocrx_word' id='word_1_145' title='bbox 363 2803 426 2863; x_wconf 89' lang='lat' dir='ltr'><strong>iere</strong></span> <span class='ocrx_word' id='word_1_146' title='bbox 449 2803 548 2865; x_wconf 91' lang='lat' dir='ltr'><strong>unicus</strong></span> <span class='ocrx_word' id='word_1_147' title='bbox 572 2803 639 2864; x_wconf 90' lang='lat' dir='ltr'><strong>ions</strong></span> <span class='ocrx_word' id='word_1_148' title='bbox 661 2815 756 2883; x_wconf 89' lang='lat' dir='ltr'><strong>esset,</strong></span> <span class='ocrx_word' id='word_1_149' title='bbox 785 2806 859 2867; x_wconf 92' lang='lat' dir='ltr'><strong>unde</strong></span> <span class='ocrx_word' id='word_1_150' title='bbox 883 2825 936 2885; x_wconf 89' lang='lat' dir='ltr'><strong>per</strong></span> <span class='ocrx_word' id='word_1_151' title='bbox 959 2806 1108 2886; x_wconf 89' lang='lat' dir='ltr'><strong>complura</strong></span> <span class='ocrx_word' id='word_1_152' title='bbox 1132 2805 1231 2866; x_wconf 90' lang='lat' dir='ltr'><strong>secula</strong></span> <span class='ocrx_word' id='word_1_153' title='bbox 1254 2814 1312 2864; x_wconf 92' lang='lat' dir='ltr'><strong>tum</strong></span> <span class='ocrx_word' id='word_1_154' title='bbox 1338 2820 1388 2880; x_wconf 93' lang='lat' dir='ltr'><strong>pu·</strong></span> 
     </span>
     <span class='ocr_line' id='line_1_21' title="bbox 222 2905 1388 2996; baseline -0.004 -20"><span class='ocrx_word' id='word_1_155' title='bbox 222 2915 361 2977; x_wconf 91' lang='lat' dir='ltr'><strong>blicarum</strong></span> <span class='ocrx_word' id='word_1_156' title='bbox 389 2933 485 2975; x_wconf 90' lang='lat' dir='ltr'><strong>rerum</strong></span> <span class='ocrx_word' id='word_1_157' title='bbox 513 2922 571 2973; x_wconf 88' lang='lat' dir='ltr'><strong>turn</strong></span> <span class='ocrx_word' id='word_1_158' title='bbox 600 2917 774 2994; x_wconf 89' lang='lat' dir='ltr'><strong>privatarum</strong></span> <span class='ocrx_word' id='word_1_159' title='bbox 802 2918 940 2978; x_wconf 89' lang='lat' dir='ltr'><strong>memoria</strong></span> <span class='ocrx_word' id='word_1_160' title='bbox 969 2926 1167 2996; x_wconf 89' lang='lat' dir='ltr'><strong>repeteretur,</strong></span> <span class='ocrx_word' id='word_1_161' title='bbox 1201 2905 1324 2990; x_wconf 85' lang='lat' dir='ltr'><strong>evaluit,</strong></span> <span class='ocrx_word' id='word_1_162' title='bbox 1357 2921 1388 2972; x_wconf 90' lang='lat' dir='ltr'><strong>ut</strong></span> 
     </span>
     <span class='ocr_line' id='line_1_22' title="bbox 222 3025 1387 3108; baseline -0.007 -20"><span class='ocrx_word' id='word_1_163' title='bbox 222 3037 344 3108; x_wconf 89' lang='lat' dir='ltr'><strong>postero</strong></span> <span class='ocrx_word' id='word_1_164' title='bbox 364 3035 515 3105; x_wconf 89' lang='lat' dir='ltr'><strong>tempore,</strong></span> <span class='ocrx_word' id='word_1_165' title='bbox 539 3025 587 3104; x_wconf 93' lang='lat' dir='ltr'><strong>qui</strong></span> <span class='ocrx_word' id='word_1_166' title='bbox 608 3025 643 3085; x_wconf 89' lang='lat' dir='ltr'><strong>ad</strong></span> <span class='ocrx_word' id='word_1_167' title='bbox 666 3045 715 3086; x_wconf 90' lang='lat' dir='ltr'><strong>res</strong></span> <span class='ocrx_word' id='word_1_168' title='bbox 738 3026 907 3088; x_wconf 88' lang='lat' dir='ltr'><strong>scribendas</strong></span> <span class='ocrx_word' id='word_1_169' title='bbox 930 3028 1051 3087; x_wconf 91' lang='lat' dir='ltr'><strong>animum</strong></span> <span class='ocrx_word' id='word_1_170' title='bbox 1074 3025 1276 3106; x_wconf 88' lang='lat' dir='ltr'><strong>appellerent,</strong></span> <span class='ocrx_word' id='word_1_171' title='bbox 1299 3041 1387 3082; x_wconf 91' lang='lat' dir='ltr'><strong>anna·</strong></span> 
     </span>
     <span class='ocr_line' id='line_1_23' title="bbox 221 3135 1388 3216; baseline -0.006 -18"><span class='ocrx_word' id='word_1_172' title='bbox 221 3135 290 3198; x_wconf 89' lang='lat' dir='ltr'><strong>lium</strong></span> <span class='ocrx_word' id='word_1_173' title='bbox 316 3138 437 3198; x_wconf 81' lang='lat' dir='ltr'><strong>formam</strong></span> <span class='ocrx_word' id='word_1_174' title='bbox 467 3137 530 3197; x_wconf 88' lang='lat' dir='ltr'><strong>iere</strong></span> <span class='ocrx_word' id='word_1_175' title='bbox 556 3144 689 3214; x_wconf 87' lang='lat' dir='ltr'><strong>tanquam</strong></span> <span class='ocrx_word' id='word_1_176' title='bbox 716 3139 828 3198; x_wconf 92' lang='lat' dir='ltr'><strong>unicam</strong></span> <span class='ocrx_word' id='word_1_177' title='bbox 856 3156 984 3197; x_wconf 92' lang='lat' dir='ltr'><strong>normam</strong></span> <span class='ocrx_word' id='word_1_178' title='bbox 1012 3145 1212 3216; x_wconf 89' lang='lat' dir='ltr'><strong>sequerentur.</strong></span> <span class='ocrx_word' id='word_1_179' title='bbox 1259 3135 1388 3210; x_wconf 86' lang='lat' dir='ltr'><strong>Quorum</strong></span> 
     </span>
     <span class='ocr_line' id='line_1_24' title="bbox 224 3243 1388 3327; baseline -0.004 -21"><span class='ocrx_word' id='word_1_180' title='bbox 224 3263 395 3326; x_wconf 88' lang='lat' dir='ltr'><strong>quamquam</strong></span> <span class='ocrx_word' id='word_1_181' title='bbox 418 3246 596 3323; x_wconf 89' lang='lat' dir='ltr'><strong>procedente</strong></span> <span class='ocrx_word' id='word_1_182' title='bbox 615 3256 748 3326; x_wconf 88' lang='lat' dir='ltr'><strong>tempore</strong></span> <span class='ocrx_word' id='word_1_183' title='bbox 772 3265 825 3327; x_wconf 93' lang='lat' dir='ltr'><strong>pro</strong></span> <span class='ocrx_word' id='word_1_184' title='bbox 845 3247 984 3327; x_wconf 91' lang='lat' dir='ltr'><strong>cuiusque</strong></span> <span class='ocrx_word' id='word_1_185' title='bbox 1003 3247 1121 3326; x_wconf 89' lang='lat' dir='ltr'><strong>ingenio</strong></span> <span class='ocrx_word' id='word_1_186' title='bbox 1139 3263 1244 3323; x_wconf 89' lang='lat' dir='ltr'><strong>magna</strong></span> <span class='ocrx_word' id='word_1_187' title='bbox 1266 3243 1388 3304; x_wconf 89' lang='lat' dir='ltr'><strong>diversi·</strong></span> 
     </span>
     <span class='ocr_line' id='line_1_25' title="bbox 221 3354 1389 3438; baseline -0.005 -21"><span class='ocrx_word' id='word_1_188' title='bbox 221 3367 267 3418; x_wconf 90' lang='lat' dir='ltr'><strong>tas</strong></span> <span class='ocrx_word' id='word_1_189' title='bbox 295 3356 360 3431; x_wconf 85' lang='lat' dir='ltr'><strong>luit,</strong></span> <span class='ocrx_word' id='word_1_190' title='bbox 389 3363 418 3414; x_wconf 94' lang='lat' dir='ltr'><strong>ut</strong></span> <span class='ocrx_word' id='word_1_191' title='bbox 446 3355 521 3416; x_wconf 89' lang='lat' dir='ltr'><strong>inter</strong></span> <span class='ocrx_word' id='word_1_192' title='bbox 548 3359 673 3436; x_wconf 87' lang='lat' dir='ltr'><strong>primos,</strong></span> <span class='ocrx_word' id='word_1_193' title='bbox 702 3358 804 3438; x_wconf 92' lang='lat' dir='ltr'><strong>quales</strong></span> <span class='ocrx_word' id='word_1_194' title='bbox 829 3357 910 3417; x_wconf 85' lang='lat' dir='ltr'><strong>luere</strong></span> <span class='ocrx_word' id='word_1_195' title='bbox 939 3357 1045 3419; x_wconf 77' lang='lat' dir='ltr'><strong>Fabius</strong></span> <span class='ocrx_word' id='word_1_196' title='bbox 1075 3358 1188 3434; x_wconf 89' lang='lat' dir='ltr'><strong>Pictor,</strong></span> <span class='ocrx_word' id='word_1_197' title='bbox 1215 3355 1246 3415; x_wconf 89' lang='lat' dir='ltr'><strong>L.</strong></span> <span class='ocrx_word' id='word_1_198' title='bbox 1270 3354 1389 3415; x_wconf 82' lang='lat' dir='ltr'><strong>Cincius</strong></span> 
     </span>
     <span class='ocr_line' id='line_1_26' title="bbox 222 3463 1389 3547; baseline -0.004 -20"><span class='ocrx_word' id='word_1_199' title='bbox 222 3466 401 3540; x_wconf 75' lang='lat' dir='ltr'><strong>Alimentus,</strong></span> <span class='ocrx_word' id='word_1_200' title='bbox 425 3463 492 3524; x_wconf 89' lang='lat' dir='ltr'><strong>Piso</strong></span> <span class='ocrx_word' id='word_1_201' title='bbox 515 3466 620 3546; x_wconf 78' lang='lat' dir='ltr'><strong>Frugi,</strong></span> <span class='ocrx_word' id='word_1_202' title='bbox 640 3478 668 3528; x_wconf 89' lang='lat' dir='ltr'><strong>et</strong></span> <span class='ocrx_word' id='word_1_203' title='bbox 687 3467 839 3529; x_wconf 85' lang='lat' dir='ltr'><strong>Ciceronis</strong></span> <span class='ocrx_word' id='word_1_204' title='bbox 859 3468 1015 3547; x_wconf 89' lang='lat' dir='ltr'><strong>aequales,</strong></span> <span class='ocrx_word' id='word_1_205' title='bbox 1039 3469 1118 3528; x_wconf 89' lang='lat' dir='ltr'><strong>velut</strong></span> <span class='ocrx_word' id='word_1_206' title='bbox 1139 3468 1170 3528; x_wconf 88' lang='lat' dir='ltr'><strong>L.</strong></span> <span class='ocrx_word' id='word_1_207' title='bbox 1186 3467 1336 3526; x_wconf 88' lang='lat' dir='ltr'><strong>Sisennam</strong></span> <span class='ocrx_word' id='word_1_208' title='bbox 1358 3473 1389 3523; x_wconf 93' lang='lat' dir='ltr'><strong>et</strong></span> 
     </span>
     <span class='ocr_line' id='line_1_27' title="bbox 222 3575 1391 3656; baseline -0.003 -18"><span class='ocrx_word' id='word_1_209' title='bbox 222 3577 312 3638; x_wconf 89' lang='lat' dir='ltr'><strong>Licin.</strong></span> <span class='ocrx_word' id='word_1_210' title='bbox 334 3575 476 3652; x_wconf 84' lang='lat' dir='ltr'><strong>Macrum,</strong></span> <span class='ocrx_word' id='word_1_211' title='bbox 506 3576 679 3655; x_wconf 88' lang='lat' dir='ltr'><strong>aliquantum</strong></span> <span class='ocrx_word' id='word_1_212' title='bbox 699 3579 869 3656; x_wconf 89' lang='lat' dir='ltr'><strong>interesset,</strong></span> <span class='ocrx_word' id='word_1_213' title='bbox 899 3596 1000 3639; x_wconf 89' lang='lat' dir='ltr'><strong>omnes</strong></span> <span class='ocrx_word' id='word_1_214' title='bbox 1025 3587 1121 3639; x_wconf 88' lang='lat' dir='ltr'><strong>tamen</strong></span> <span class='ocrx_word' id='word_1_215' title='bbox 1144 3577 1230 3638; x_wconf 92' lang='lat' dir='ltr'><strong>ieiuni</strong></span> <span class='ocrx_word' id='word_1_216' title='bbox 1256 3575 1391 3656; x_wconf 93' lang='lat' dir='ltr'><strong>quiddam</strong></span> 
     </span>
     <span class='ocr_line' id='line_1_28' title="bbox 224 3685 1390 3769; baseline -0.004 -19"><span class='ocrx_word' id='word_1_217' title='bbox 224 3699 253 3750; x_wconf 91' lang='lat' dir='ltr'><strong>et</strong></span> <span class='ocrx_word' id='word_1_218' title='bbox 272 3687 350 3748; x_wconf 86' lang='lat' dir='ltr'><strong>exile</strong></span> <span class='ocrx_word' id='word_1_219' title='bbox 372 3685 571 3764; x_wconf 89' lang='lat' dir='ltr'><strong>sectabantur,</strong></span> <span class='ocrx_word' id='word_1_220' title='bbox 594 3705 689 3766; x_wconf 90' lang='lat' dir='ltr'><strong>neque</strong></span> <span class='ocrx_word' id='word_1_221' title='bbox 709 3689 863 3767; x_wconf 92' lang='lat' dir='ltr'><strong>quicquam</strong></span> <span class='ocrx_word' id='word_1_222' title='bbox 883 3700 1000 3769; x_wconf 87' lang='lat' dir='ltr'><strong>praeter</strong></span> <span class='ocrx_word' id='word_1_223' title='bbox 1017 3689 1120 3750; x_wconf 92' lang='lat' dir='ltr'><strong>nudam</strong></span> <span class='ocrx_word' id='word_1_224' title='bbox 1138 3698 1315 3767; x_wconf 91' lang='lat' dir='ltr'><strong>temporum,</strong></span> <span class='ocrx_word' id='word_1_225' title='bbox 1336 3685 1390 3745; x_wconf 92' lang='lat' dir='ltr'><strong>bo-</strong></span> 
     </span>
     <span class='ocr_line' id='line_1_29' title="bbox 223 3796 1390 3877; baseline -0.003 -17"><span class='ocrx_word' id='word_1_226' title='bbox 223 3799 344 3873; x_wconf 91' lang='lat' dir='ltr'><strong>minum,</strong></span> <span class='ocrx_word' id='word_1_227' title='bbox 368 3796 497 3856; x_wconf 88' lang='lat' dir='ltr'><strong>locorum</strong></span> <span class='ocrx_word' id='word_1_228' title='bbox 519 3806 725 3877; x_wconf 89' lang='lat' dir='ltr'><strong>gestarumque</strong></span> <span class='ocrx_word' id='word_1_229' title='bbox 743 3817 838 3858; x_wconf 91' lang='lat' dir='ltr'><strong>rerum</strong></span> <span class='ocrx_word' id='word_1_230' title='bbox 859 3801 986 3860; x_wconf 88' lang='lat' dir='ltr'><strong>notitiam</strong></span> <span class='ocrx_word' id='word_1_231' title='bbox 1006 3798 1161 3861; x_wconf 88' lang='lat' dir='ltr'><strong>habebant.</strong></span> <span class='ocrx_word' id='word_1_232' title='bbox 1199 3798 1281 3873; x_wconf 86' lang='lat' dir='ltr'><strong>Quae</strong></span> <span class='ocrx_word' id='word_1_233' title='bbox 1303 3815 1390 3876; x_wconf 89' lang='lat' dir='ltr'><strong>quum</strong></span> 
     </span>
     <span class='ocr_line' id='line_1_30' title="bbox 224 3906 1390 3992; baseline -0.005 -20"><span class='ocrx_word' id='word_1_234' title='bbox 224 3909 360 3992; x_wconf 84' lang='lat' dir='ltr'><strong>paulatim</strong></span> <span class='ocrx_word' id='word_1_235' title='bbox 381 3923 437 3965; x_wconf 91' lang='lat' dir='ltr'><strong>non</strong></span> <span class='ocrx_word' id='word_1_236' title='bbox 457 3906 579 3987; x_wconf 91' lang='lat' dir='ltr'><strong>amplius</strong></span> <span class='ocrx_word' id='word_1_237' title='bbox 602 3926 697 3987; x_wconf 92' lang='lat' dir='ltr'><strong>neque</strong></span> <span class='ocrx_word' id='word_1_238' title='bbox 719 3919 888 3987; x_wconf 86' lang='lat' dir='ltr'><strong>argumento</strong></span> <span class='ocrx_word' id='word_1_239' title='bbox 909 3927 1004 3988; x_wconf 93' lang='lat' dir='ltr'><strong>neque</strong></span> <span class='ocrx_word' id='word_1_240' title='bbox 1025 3911 1156 3970; x_wconf 88' lang='lat' dir='ltr'><strong>oratione</strong></span> <span class='ocrx_word' id='word_1_241' title='bbox 1176 3908 1390 3985; x_wconf 82' lang='lat' dir='ltr'><strong>satisfacerent,</strong></span> 
     </span>
     <span class='ocr_line' id='line_1_31' title="bbox 224 4015 1388 4100; baseline -0.004 -18"><span class='ocrx_word' id='word_1_242' title='bbox 224 4019 378 4082; x_wconf 87' lang='lat' dir='ltr'><strong>Sallustius</strong></span> <span class='ocrx_word' id='word_1_243' title='bbox 398 4015 450 4076; x_wconf 88' lang='lat' dir='ltr'><strong>bas</strong></span> <span class='ocrx_word' id='word_1_244' title='bbox 473 4019 620 4094; x_wconf 83' lang='lat' dir='ltr'><strong>angustias</strong></span> <span class='ocrx_word' id='word_1_245' title='bbox 643 4021 744 4096; x_wconf 82' lang='lat' dir='ltr'><strong>egredi</strong></span> <span class='ocrx_word' id='word_1_246' title='bbox 767 4021 875 4099; x_wconf 88' lang='lat' dir='ltr'><strong>primus</strong></span> <span class='ocrx_word' id='word_1_247' title='bbox 896 4039 983 4081; x_wconf 93' lang='lat' dir='ltr'><strong>ausus</strong></span> <span class='ocrx_word' id='word_1_248' title='bbox 1000 4022 1090 4080; x_wconf 89' lang='lat' dir='ltr'><strong>maius</strong></span> <span class='ocrx_word' id='word_1_249' title='bbox 1112 4019 1246 4100; x_wconf 91' lang='lat' dir='ltr'><strong>quiddam</strong></span> <span class='ocrx_word' id='word_1_250' title='bbox 1269 4027 1299 4078; x_wconf 90' lang='lat' dir='ltr'><strong>et</strong></span> <span class='ocrx_word' id='word_1_251' title='bbox 1321 4037 1388 4098; x_wconf 89' lang='lat' dir='ltr'><strong>per·</strong></span> 
     </span>
     <span class='ocr_line' id='line_1_32' title="bbox 224 4127 1389 4210; baseline -0.005 -18"><span class='ocrx_word' id='word_1_252' title='bbox 224 4130 329 4192; x_wconf 84' lang='lat' dir='ltr'><strong>lectius</strong></span> <span class='ocrx_word' id='word_1_253' title='bbox 350 4127 466 4188; x_wconf 90' lang='lat' dir='ltr'><strong>molitus</strong></span> <span class='ocrx_word' id='word_1_254' title='bbox 489 4135 543 4186; x_wconf 91' lang='lat' dir='ltr'><strong>cst.</strong></span> <span class='ocrx_word' id='word_1_255' title='bbox 588 4127 700 4189; x_wconf 89' lang='lat' dir='ltr'><strong>Omissa</strong></span> <span class='ocrx_word' id='word_1_256' title='bbox 728 4131 803 4190; x_wconf 89' lang='lat' dir='ltr'><strong>enim</strong></span> <span class='ocrx_word' id='word_1_257' title='bbox 827 4130 955 4210; x_wconf 90' lang='lat' dir='ltr'><strong>priorum</strong></span> <span class='ocrx_word' id='word_1_258' title='bbox 978 4129 1185 4191; x_wconf 90' lang='lat' dir='ltr'><strong>consuetudine</strong></span> <span class='ocrx_word' id='word_1_259' title='bbox 1213 4147 1262 4190; x_wconf 90' lang='lat' dir='ltr'><strong>res</strong></span> <span class='ocrx_word' id='word_1_260' title='bbox 1291 4129 1389 4188; x_wconf 86' lang='lat' dir='ltr'><strong>varias</strong></span> 
     </span>
     <span class='ocr_line' id='line_1_33' title="bbox 224 4236 1388 4316; baseline -0.003 -14"><span class='ocrx_word' id='word_1_261' title='bbox 224 4251 253 4303; x_wconf 91' lang='lat' dir='ltr'><strong>et</strong></span> <span class='ocrx_word' id='word_1_262' title='bbox 275 4241 350 4298; x_wconf 89' lang='lat' dir='ltr'><strong>inter</strong></span> <span class='ocrx_word' id='word_1_263' title='bbox 371 4255 404 4297; x_wconf 89' lang='lat' dir='ltr'><strong>se</strong></span> <span class='ocrx_word' id='word_1_264' title='bbox 427 4236 568 4297; x_wconf 89' lang='lat' dir='ltr'><strong>discretas</strong></span> <span class='ocrx_word' id='word_1_265' title='bbox 593 4238 672 4299; x_wconf 94' lang='lat' dir='ltr'><strong>nullo</strong></span> <span class='ocrx_word' id='word_1_266' title='bbox 694 4240 749 4300; x_wconf 88' lang='lat' dir='ltr'><strong>nisi</strong></span> <span class='ocrx_word' id='word_1_267' title='bbox 771 4258 908 4300; x_wconf 90' lang='lat' dir='ltr'><strong>annorum</strong></span> <span class='ocrx_word' id='word_1_268' title='bbox 934 4241 1036 4301; x_wconf 89' lang='lat' dir='ltr'><strong>ordine</strong></span> <span class='ocrx_word' id='word_1_269' title='bbox 1056 4241 1284 4314; x_wconf 90' lang='lat' dir='ltr'><strong>conserentium,</strong></span> <span class='ocrx_word' id='word_1_270' title='bbox 1312 4257 1388 4316; x_wconf 89' lang='lat' dir='ltr'><strong>quae</strong></span> 
     </span>
     <span class='ocr_line' id='line_1_34' title="bbox 224 4347 1388 4427; baseline -0.004 -15"><span class='ocrx_word' id='word_1_271' title='bbox 224 4367 301 4412; x_wconf 85' lang='lat' dir='ltr'><strong>nexu</strong></span> <span class='ocrx_word' id='word_1_272' title='bbox 320 4347 433 4406; x_wconf 90' lang='lat' dir='ltr'><strong>interno</strong></span> <span class='ocrx_word' id='word_1_273' title='bbox 453 4347 660 4424; x_wconf 87' lang='lat' dir='ltr'><strong>cohaererent,</strong></span> <span class='ocrx_word' id='word_1_274' title='bbox 679 4357 740 4408; x_wconf 90' lang='lat' dir='ltr'><strong>arte</strong></span> <span class='ocrx_word' id='word_1_275' title='bbox 757 4349 989 4427; x_wconf 89' lang='lat' dir='ltr'><strong>comprehendit,</strong></span> <span class='ocrx_word' id='word_1_276' title='bbox 1010 4349 1151 4410; x_wconf 89' lang='lat' dir='ltr'><strong>iacturum</strong></span> <span class='ocrx_word' id='word_1_277' title='bbox 1169 4367 1288 4409; x_wconf 89' lang='lat' dir='ltr'><strong>caussas</strong></span> <span class='ocrx_word' id='word_1_278' title='bbox 1304 4366 1388 4426; x_wconf 91' lang='lat' dir='ltr'><strong>saga·</strong></span> 
     </span>
    </p>
   </div>
   <div class='ocr_carea' id='block_1_13' title="bbox 0 0 1525 4852">
    <p class='ocr_par' dir='ltr' id='par_1_13' title="bbox 0 0 1525 4852">
     <span class='ocr_line' id='line_1_35' title="bbox 0 0 1525 4852; baseline 0 0"><span class='ocrx_word' id='word_1_279' title='bbox 0 0 1525 4852; x_wconf 95' lang='lat' dir='ltr'><strong> </strong></span> 
     </span>
    </p>
   </div>
  </div>
 </body>
</html>
