3092 4850
381 293 623 344 nrsaoamnuu
647 291 873 342 resonarunt.
907 293 977 342 usu.
1001 293 1023 340 1.
1052 293 1108 340 re.
1131 287 1175 340 no.
1306 279 1367 342 265

196 472 283 535 quum
305 455 370 535 ipse
394 454 481 514 armis
504 460 606 530 cogam
630 451 776 512 civitatem
800 450 980 527 confirmari,
1007 449 1112 530 quibus
1133 447 1296 529 ademptam
1319 467 1369 509 ne·

196 573 262 644 gat;
283 565 458 627 concordiae
480 565 573 642 gratia
593 560 691 642 plebei
708 559 887 622 tribuniciam
907 569 1082 640 potestatem
1101 561 1229 638 restitui,
1253 579 1290 620 ex
1314 579 1369 641 qua

155 691 298 742 lnomnes
328 675 492 738 discordiae
525 691 682 736 accensae.
727 673 867 733 Pessume
902 671 1027 733 omnium
1061 679 1149 750 atque
1185 670 1369 751 impudentis·

195 805 292 865 sume,
311 786 402 848 tibine
423 795 543 865 egestas
565 785 671 846 civium
693 792 722 844 et
740 782 835 843 luctus
856 799 944 842 curae
967 790 1046 859 sunt,
1071 783 1116 842 cui
1137 781 1207 842 nibil
1228 791 1272 842 est
1293 781 1370 844 domi

192 899 248 959 nisi
281 900 368 960 armis
399 907 510 978 partum
539 905 588 958 aut
617 914 672 977 per
706 890 858 955 iniuriam?
902 891 1034 954 Alterum
1069 893 1250 954 consulatum
1281 897 1370 975 petis,

194 1010 276 1090 quasi
302 1011 422 1090 primum
445 1007 623 1076 reddideris;
647 1005 728 1066 bello
760 1003 945 1066 concordiam
968 1004 1101 1084 quaeris,
1125 1021 1182 1084 quo
1208 1013 1290 1084 parta
1313 1005 1370 1066 dis-

192 1119 338 1182 turbatur:
362 1121 453 1180 nostri
476 1119 625 1199 proditor,
648 1116 711 1176 istis
734 1114 853 1192 infidus,
874 1113 967 1177 bostis
987 1115 1111 1176 omnium
1134 1114 1286 1176 bonorum.
1332 1117 1370 1178 Ut

192 1239 222 1290 te
250 1249 345 1310 neque
373 1230 518 1291 bominum
546 1245 642 1307 neque
666 1215 786 1286 deorum
809 1223 912 1305 pudet,
941 1241 1016 1305 quos
1046 1225 1208 1306 periidem
1234 1235 1281 1288 aut
1304 1245 1370 1305 per·

152 1357 183 1408 16
197 1342 270 1402 iurio
294 1338 423 1400 violasti!
465 1339 520 1414 Qui
543 1338 659 1418 quando
681 1336 816 1413 taliaes,
839 1353 958 1396 maneas
980 1336 1008 1396 in
1028 1337 1170 1398 sententia
1194 1339 1370 1400 et‘retineas

191 1469 270 1512 arma
293 1459 321 1510 te
344 1448 463 1527 hortor,
487 1467 543 1510 neu
574 1447 754 1529 prolatandis
780 1445 989 1524 seditionibus,
1017 1448 1132 1528 inquies
1154 1449 1236 1529 ipse,
1258 1467 1314 1510 nos
1340 1452 1369 1511 in
1461 1507 1464 1512 .

193 1559 388 1622 sollicitudine
411 1559 543 1620 attinens.
587 1557 692 1640 Neque
714 1566 744 1618 te
772 1558 960 1638 provincias,
983 1577 1079 1639 neque
1099 1559 1199 1637 leges,
1222 1579 1319 1642 neque
1341 1561 1370 1622 di

194 1680 316 1752 penates
338 1672 432 1732 civem
455 1671 610 1749 patiuntur.
654 1667 767 1748 Perge,
791 1685 846 1748 qna
871 1678 1009 1751 coeptas,
1038 1678 1175 1748 utquam
1196 1681 1369 1734 maturrume

152 1785 294 1846 inmerito
314 1781 458 1842 invenias!
492 1783 556 1842 Vos
578 1789 688 1858 autem,
710 1787 810 1859 patres
833 1781 1008 1860 conscripti,
1033 1798 1185 1860 quousque
1206 1783 1369 1844 cunctando

193 1892 404 1973 rempublicam
431 1875 550 1952 intutam
570 1891 735 1971 patiemini,
759 1898 790 1950 et
811 1888 911 1950 verbis
931 1907 1010 1951 arma
1029 1888 1198 1952 tentabitis?
1228 1891 1369 1954 Deiectus
1449 1905 1455 1918 ·
1541 1861 1542 1912 3

194 2004 351 2066 advorsum
373 2019 428 2062 vos
448 1999 555 2079 babiti,
584 2000 727 2080 pecuniae
751 1998 868 2079 publice
895 2006 924 2059 et
946 2000 1078 2079 privatim
1107 2009 1255 2080 extortae,
1285 2021 1369 2082 prae-

195 2116 267 2178 sidia
290 2111 414 2173 deducta
442 2118 531 2190 atque
559 2110 712 2191 imposita,
742 2129 780 2170 ex
802 2109 930 2170 lubidine
958 2109 1044 2188 leges
1066 2113 1259 2192 imperantur,
1283 2131 1369 2193 quum

195 2226 308 2286 interim
334 2240 390 2283 vos
415 2222 532 2300 legatos
558 2229 587 2282 et
615 2220 734 2282 decreta
763 2221 879 2300 paratis.
925 2221 1038 2296 Quanto
1067 2221 1235 2284 mehercule
1258 2193 1370 2285 avidids

194 2355 298 2417 paoem
320 2334 479 2416 petieritis,
511 2340 589 2393 tanto
613 2330 721 2392 bellum
742 2333 838 2392 acrius
862 2332 933 2411 erit,
958 2349 1043 2412 quum
1066 2332 1219 2412 intelleget
1240 2353 1272 2394 se
1292 2345 1369 2396 metu

154 2449 287 2526 lemagis
315 2464 401 2527 quam
431 2461 526 2524 aequo
558 2450 586 2503 at
608 2441 687 2504 bono
714 2449 913 2504 sustentatum.
957 2440 1030 2503 Nam
1054 2444 1102 2524 qui
1125 2441 1224 2506 turbas
1246 2455 1275 2505 et
1303 2465 1368 2508 cae·

194 2559 260 2619 dem
282 2560 386 2618 civium
409 2555 508 2618 odisse
532 2555 585 2631 ait,
609 2563 638 2614 et
658 2553 696 2613 ob
719 2553 763 2631 id,
786 2560 896 2613 armato
924 2553 1052 2633 Lepida,
1075 2572 1129 2615 vos
1151 2557 1279 2618 inermos
1301 2562 1368 2618 reti·

194 2678 261 2746 net,
285 2687 361 2747 quae
383 2667 469 2727 victis
491 2663 641 2726 toleranda
663 2673 742 2742 sunt,
766 2682 817 2740 ea,
840 2681 926 2742 quum
944 2664 1044 2724 iacere
1064 2667 1201 2744 possitis,
1224 2669 1370 2746 patiamini

195 2781 295 2860 potius
319 2785 453 2860 censet.⁸
475 2775 516 2834 lta
540 2773 580 2833 illi
602 2793 617 2834 a
641 2772 727 2832 vobis
750 2791 868 2854 pacem,
891 2772 976 2833 vobis
996 2774 1033 2836 ab
1053 2773 1104 2834 illo
1124 2775 1231 2836 bellum
1255 2779 1367 2839 suadet.

194 2965 246 3015 rite
270 2961 414 3014 consulatu
434 2961 548 3022 abieris,
576 2974 662 3025 eoque
680 2958 760 3024 depo·
836 2956 955 3025 attineat]
972 2974 999 3012 v.
1018 2960 1053 3011 ad
1068 2960 1129 3027 Ing.
1151 2961 1213 3023 108,
1233 2962 1258 3014 3.

194 3045 247 3096 sito
266 3043 301 3092 ad
320 3041 422 3108 privati
435 3037 623 3090 condicionem
635 3034 758 3089 redieris.
837 3040 863 3101 ξ.
885 3037 926 3090 17.
949 3037 1032 3090 uerbis
1050 3054 1122 3089 arara
1140 3039 1276 3108 tentabitis]
1299 3043 1317 3094 i.
1343 3059 1367 3092 e.

193 3122 314 3187 Lepidus
341 3121 425 3182 enim,
448 3117 572 3184 quamvis
600 3116 759 3168 consulatus
802 3130 875 3165 arma
892 3130 941 3164 noo
966 3130 996 3166 re
1013 3117 1061 3166 sed
1076 3115 1159 3168 corbis
1175 3121 1272 3182 peratis
1279 3157 1286 3182 ,
1310 3121 1369 3171 sive

162 3257 165 3264 ,
194 3208 300 3266 tempus
324 3199 526 3264 exspiraverat,
554 3199 645 3246 tamen
666 3194 760 3245 etiem·
802 3193 886 3244 uerbis
900 3207 950 3255 pro
967 3194 1045 3243 armis
1061 3195 1169 3247 manuni.

194 3284 250 3330 tum
270 3281 300 3327 ut
318 3275 455 3327 consulem
474 3290 503 3325 se
522 3273 644 3340 gerebat.
836 3269 934 3335 publice
943 3277 968 3321 et
977 3270 1103 3337 priuatim]
1123 3288 1149 3322 v.
1164 3272 1200 3322 ad
1211 3271 1270 3323 Cat.
1289 3274 1329 3339 11,
1341 3275 1367 3327 6.

228 3350 321 3419 nostri]
339 3354 357 3407 i.
372 3369 395 3404 e.
414 3356 568 3402 nostrarum
585 3350 703 3416 partium
720 3352 760 3398 at·
838 3346 945 3398 deducta
964 3356 1039 3414 atque
1058 3347 1183 3416 imposita]
1204 3365 1242 3401 ec.
1260 3351 1370 3404 deducta

194 3432 413 3500 quorsumnam
432 3429 603 3494 ci.1ug.14,
624 3429 665 3480 17.
685 3427 758 3479 Hist.
804 3439 838 3475 ee
860 3427 917 3476 aliia
944 3427 1044 3489 oppidio
1067 3435 1141 3494 atque
1163 3431 1221 3480 aliia
1245 3431 1368 3494 impositu,

196 3515 240 3566 Fr.
260 3511 303 3574 11,
324 3507 372 3572 50,
391 3507 415 3558 3.
436 3507 496 3558 (lat.
516 3508 543 3571 1,
562 3507 587 3559 3.
802 3507 884 3570 prout
900 3503 999 3569 Lepidi
1013 3505 1135 3556 consiliis
1154 3507 1307 3558 vallavere
1325 3509 1368 3560 vel

227 3585 294 3654 istis]
323 3586 342 3638 i.
368 3599 391 3638 e.
418 3584 480 3642 tuis,
505 3583 551 3650 qni
575 3579 691 3636 consilia
712 3585 760 3631 tua
803 3580 943 3632 adversari
961 3580 1133 3634 videbantur.

193 3667 308 3720 laudent
340 3667 367 3714 et
397 3663 543 3724 adiuvant3
576 3678 603 3712 v.
631 3660 667 3710 ad
697 3659 758 3710 Cat.
836 3656 911 3723 metu]
933 3675 971 3710 sc.
990 3663 1091 3710 vestro.

194 3749 243 3807 52,
263 3745 290 3796 5,
836 3752 917 3802 nequo
929 3745 953 3787 et
966 3737 1039 3804 dono]
1058 3739 1188 3789 saeuius
1203 3737 1302 3804 exigua
1320 3743 1368 3791 eut

228 3815 355 3884 bonorum]
371 3813 566 3880 Intelliguntnr
580 3813 610 3875 ii,
624 3812 760 3878 qniprae-
802 3815 877 3868 nulla
899 3831 917 3865 a
939 3817 1017 3866 vobis
1040 3818 1110 3867 ratio
1135 3815 1263 3879 habetnr;
1295 3819 1368 3902 quod

196 3903 285 3954 sentia
303 3895 502 3953 defendebant3
520 3907 547 3942 v.
566 3890 601 3941 ad
617 3891 663 3939 Fr.
679 3890 702 3952 Ι,
718 3890 760 3939 12.
803 3895 827 3945 si
844 3892 963 3956 valeret,
988 3891 1034 3943 ille
1054 3907 1083 3942 se
1106 3907 1160 3942 non
1184 3897 1367 3945 sustentatam

229 3975 482 4051 5‚16,perstdem]
509 3977 528 4028 i.
549 3991 573 4026 e.
599 3974 662 4025 dum
680 3974 760 4024 fidem
801 3967 981 4035 intellegeret.
1022 3968 1147 4019 Ceterum
1182 3984 1208 4018 v.
1240 3970 1276 4020 ad
1305 3972 1367 4026 Cat.

194 4064 246 4116 tibi
265 4063 413 4117 habebant.
803 4048 835 4112 92
856 4047 880 4100 ¹·
1404 4105 1410 4118 ,

228 4137 353 4206 parturio]
367 4153 406 4187 sc.
418 4135 530 4185 senatus
544 4132 688 4192 utrumque
698 4139 761 4176 oon·
837 4124 860 4188 ξ.
881 4123 921 4175 18.
941 4124 983 4187 qut
996 4147 1032 4158 —
1043 4120 1089 4187 nit]
1110 4123 1187 4174 Haec
1204 4137 1368 4190 quamquam

195 4219 282 4270 sulem
300 4210 488 4268 iureiurando
508 4206 702 4265 obstrinxerat,
720 4202 761 4252 ni·
803 4205 929 4254 universe
948 4199 1117 4264 dictasunt,
1136 4204 1228 4252 umen
1246 4219 1301 4254 non
1320 4204 1368 4255 dn-

195 4294 235 4346 hil
253 4311 300 4346 eos
317 4291 416 4345 hostile
441 4292 565 4346 acturos3
587 4283 623 4334 ci.
642 4281 758 4346 Appian.
802 4281 876 4331 bium
899 4282 957 4344 est,
980 4278 1045 4344 quin
1069 4278 1136 4329 certi
1163 4282 1303 4333 senatores
1320 4298 1368 4334 no·

196 4376 229 4426 B.
249 4372 328 4436 e.1,
349 4371 408 4423 107.
802 4364 904 4412 tantur.
