3092 4850
207 303 268 364 258
615 310 645 357 e.
670 309 838 359 succuum
861 311 975 360 omem

208 479 238 546 et
261 465 413 545 caedibus,
435 468 511 528 bona
535 465 639 528 civium
666 468 838 528 miserorum
868 469 949 546 quasi
974 465 1147 528 Cimbricam
1169 466 1308 546 praedem
1330 483 1382 525 re·

209 597 275 639 num
297 589 346 640 ant
364 578 442 638 dono
466 576 569 638 datum.
613 578 653 638 At
675 577 805 638 obiectat
827 578 895 638 milri
917 578 1125 658 possessiones
1147 595 1186 636 ex
1204 576 1289 638 bonis
1311 581 1382 654 'pro-
1394 580 1430 630 18

209 691 399 770 scriptorum;
420 687 497 767 quod
519 688 635 768 quidem
654 687 799 748 scelernm
820 687 897 748 illins
919 688 967 748 vel
991 706 1154 749 maxumum
1175 696 1237 765 est,
1257 704 1383 747 nonme

210 800 320 881 neque'
335 816 508 880 quemquam
536 801 661 860 omniurn
689 798 759 859 satis
785 807 873 858 tutum
906 797 1012 877 inisse,
1039 799 1064 858 si
1095 808 1179 859 recte
1206 777 1382 858 laceremus.

211 911 309 992 Atque
331 911 398 989 ullu,
420 907 575 989 qnae‘tum
601 909 756 971 formidine
779 918 926 970 mercatus
948 927 1026 988 sum,
1054 911 1169 988 pretio,
1190 909 1287 969 soluto
1309 907 1382 983 iure,

210 1023 334 1084 dominis
356 1031 451 1082 tamen
482 1023 622 1100 restituo,
649 1037 745 1099 neque
773 1021 833 1099 pati
856 1020 1007 1080 consilium
1031 1029 1076 1080 est
1096 1019 1184 1081 ullam
1209 1038 1248 1079 ex
1270 1016 1382 1078 civibus

211 1133 349 1213 praedam
371 1151 449 1193 esse.
494 1131 570 1192 Satis
592 1131 641 1192 illa
663 1131 785 1209 inerint,
810 1148 885 1210 quae
910 1130 992 1192 rabie
1012 1135 1162 1191 contracta
1182 1129 1381 1205 toleravimus,
1390 1136 1427 1188 19

136 1300 139 1306 .
211 1261 312 1304 manus
335 1243 518 1304 conserentis
538 1243 613 1302 inter
634 1259 668 1301 sc
688 1242 837 1302 Romanos
859 1242 1023 1319 exercitus,
1045 1251 1075 1302 et
1094 1247 1173 1302 arma
1195 1240 1232 1301 ab
1253 1238 1384 1300 externis

212 1355 241 1412 in
274 1362 389 1412 nosmet
421 1370 517 1414 versa.
567 1351 720 1412 Scelerum
754 1359 785 1410 ct
817 1352 1055 1414 contumelicrtnu
1089 1354 1214 1414 omnium
1244 1350 1309 1412 imis
1337 1349 1382 1408 sit.

212 1463 342 1537 Quomm
369 1460 444 1520 adeo
472 1459 581 1521 Sullam
608 1480 668 1523 non
696 1462 844 1542 poenitet,
873 1470 904 1522 ut
926 1463 1051 1524 etiacta
1074 1463 1220 1542 ingloria
1243 1467 1383 1536 nmueret,
1414 1476 1418 1482 ·

211 1579 257 1648 et,
281 1571 305 1630 si
328 1570 429 1649 liceat,
452 1569 564 1631 avidius
583 1571 698 1631 iecerit.

296 1679 401 1760 Neque
424 1681 479 1742 iam
504 1681 571 1760 quid
594 1682 775 1742 existumetis
798 1679 834 1742 de
856 1682 926 1761 illo,
949 1683 1002 1743 sed
1029 1692 1164 1762 quantum
1185 1682 1315 1746 audeatis
1333 1693 1429 1746 vs-so

212 1809 298 1871 reor,
327 1811 364 1854 ne
394 1791 467 1854 clius
499 1791 585 1854 elium
617 1792 778 1872 principem
803 1801 1012 1872 exspectantes
1036 1799 1102 1854 ante
1130 1795 1282 1876 capiamini
1310 1795 1383 1873 (non

212 1903 319 1983 opibus
348 1903 428 1982 eius,
457 1921 531 1982 quae
560 1903 659 1964 iutiles
682 1913 711 1964 et
734 1912 891 1982 corruptae
913 1912 995 1981 sunt,
1018 1902 1070 1963 sed
1093 1910 1193 1966 vostra
1217 1902 1383 1980 socordia),

213 2033 298 2094 quam
323 2023 438 2095 captum
465 2013 509 2074 ire
533 2012 619 2093 licet,
643 2023 672 2074 et
701 2033 786 2093 quam
808 2013 917 2076 audeas
944 2023 1001 2074 tam
1023 2015 1115 2076 videri
1141 2014 1268 2076 felicem.
1311 2011 1424 2075 mamm

248 2201 322 2266 quasi
353 2200 498 2252 Cimbricam
525 2197 663 2266 praedam]
697 2202 717 2254 i.
753 2217 777 2252 e.
804 2201 982 2258 ,Germanice
1010 2201 1102 2266 petico
1133 2201 1215 2254 laten
1240 2199 1332 2252 miclte
1349 2217 1385 2247 ε

213 2279 294 2342 quasi
311 2277 440 2341 praedam
458 2293 493 2327 ex
512 2278 637 2328 barbaris
661 2284 688 2331 et
710 2279 779 2330 inis·
824 2279 883 2328 thure
901 2279 1003 2331 miclite.

214 2353 343 2405 stissimis
360 2353 500 2416 hostibus;
518 2359 639 2406 ceterum
654 2373 682 2409 v.
694 2371 778 2421 supra
855 2360 880 2420 §-
894 2360 938 2411 20.
957 2365 1073 2424 quantum
1086 2356 1214 2424 audeatis]
1234 2359 1254 2412 i.
1269 2375 1293 2411 e.
1312 2373 1384 2422 quum

213 2433 249 2482 ad
270 2431 296 2493 ἕ.
322 2432 347 2482 5.
369 2433 411 2482 De
434 2434 599 2484 attractione
621 2434 659 2486 ci.
682 2437 729 2486 Fr.
753 2437 776 2500 Ι,
817 2451 907 2499 parum
924 2437 1051 2498 audeatis,
1070 2437 1116 2488 cui
1134 2438 1289 2488 sententiae
1302 2452 1384 2488 accu-

215 2509 262 2570 56,
283 2508 326 2557 12.
817 2512 907 2564 retius
932 2513 1116 2564 declarandae
1144 2530 1192 2580 par
1221 2516 1384 2581 epexegesim

248 2588 275 2648 §-
296 2584 338 2636 18.
359 2586 383 2633 si
401 2589 472 2632 recte
486 2582 641 2651 faceremus]
669 2587 688 2638 i.
710 2601 734 2638 e.
754 2590 778 2638 si
817 2592 956 2643 adduntur
973 2594 1117 2658 sequentia
1135 2610 1168 2644 ex
1186 2599 1311 2660 ncepta.

213 2663 249 2714 ab
286 2659 406 2713 emendis
443 2661 658 2727 proscriptorum
697 2667 778 2718 bonis
850 2671 999 2738 principem]
1024 2673 1043 2722 i.
1068 2689 1092 2724 e.
1119 2673 1312 2738 incipientem,
1332 2674 1385 2724 ini·

214 2741 323 2792 omnino
338 2738 546 2790 abstineremus.
819 2748 888 2799 tium
905 2749 1066 2812 facientem
1086 2750 1123 2802 cf.
1144 2750 1204 2802 Cat.
1224 2753 1270 2815 2-1,
1290 2753 1316 2801 2.

246 2821 330 2884 pretio
348 2819 429 2868 soluto
446 2817 501 2866 iure
520 2815 585 2883 etc]
607 2819 778 2886 Coniungen·
852 2842 926 2890 quam
941 2835 1040 2889 captum
1053 2828 1091 2878 ire
1105 2825 1172 2893 licet]
1194 2844 1233 2883 sc.
1252 2845 1312 2890 eamr,
1331 2829 1384 2879 hac

215 2898 277 2949 dum
293 2899 376 2960 pretio
396 2909 457 2945 cum
473 2899 589 2948 restituo.
625 2898 686 2969 Hoc
705 2898 777 2948 enim
820 2905 972 2954 sententie:
995 2920 1031 2954 nc
1059 2909 1124 2970 ante
1152 2905 1300 2970 capiemini
1321 2907 1385 2973 ipsi,

214 2977 282 3027 ‹licit
299 2973 434 3039 Lepidus,
460 2989 509 3024 non
525 2978 622 3042 pratis,
649 2977 714 3042 quia
737 2977 778 3027 ite
818 2997 901 3046 quam
914 2978 1086 3049 haetenpeie
1100 2985 1386 3038 eum—Decimum-

212 3057 272 3120 ipse
288 3050 547 3116 immisceret,
565 3057 613 3105 ced
629 3063 776 3120 recepto,
820 3059 970 3124 scriptione
989 3061 1120 3127 simplicis
1138 3061 1216 3112 verbi
1236 3068 1341 3130 perire
1359 3081 1383 3115 c.

213 3132 298 3196 quod
326 3131 481 3194 dederat,
507 3134 619 3194 pretio
642 3141 723 3196 comta
748 3150 776 3184 se
820 3139 961 3204 supinov.
982 3138 1094 3203 adIug.
1113 3134 1161 3203 68',
1182 3139 1207 3188 1.

213 3209 358 3256 restituere.
391 3205 474 3257 cmm
492 3209 560 3259 iacti
579 3211 703 3274 aequitas
723 3226 776 3276 quo
854 3233 880 3275 et
895 3240 967 3290 quam
984 3225 1082 3274 murm
1105 3233 1156 3274 tam
1172 3225 1255 3274 videri
1273 3221 1382 3290 felicem]

213 3285 301 3349 ¹¹¹³&ss
329 3289 476 3349 appareat,
504 3286 581 3336 fldffii
605 3290 686 3338 ⁸⁰²²⁴¹⁰
710 3293 776 3352 iures
818 3301 904 3351 Plena
921 3301 1065 3352 verborum
1085 3302 1156 3351 ratio
1176 3306 1231 3352 est:
1249 3309 1274 3351 et
1288 3302 1384 3367 (quum)

213 3363 233 3413 i·
256 3377 279 3412 θ·
306 3377 452 3425 quamquam
474 3365 514 3412 Μ
535 3365 640 3414 «ididam
664 3375 716 3426 0⁸²,
736 3367 777 3416 iia
818 3380 876 3428 licet
892 3379 974 3429 uideri
991 3387 1040 3428 tam
1060 3379 1159 3441 felicem
1182 3393 1254 3444 quam
1276 3379 1384 3433 audeca.

214 3435 370 3527 pulegium
390 3437 452 3502 0⁰35
470 3453 523 3488 ¹¹⁰⁰
539 3440 650 3503 P⁰⁸⁸i¹¹h
684 3443 776 3494 Tamen
820 3455 924 3520 Quippe
941 3473 1013 3523 peram
1031 3459 1094 3507 ante
1118 3459 1217 3507 cudens
1237 3471 1326 3522 neque
1349 3459 1385 3509 sd

213 3517 298 3578 lgtilll'
321 3514 438 3563 refertur
458 3515 494 3565 ad
520 3518 681 3568 senientiam
713 3537 777 3570 eon-
818 3547 1009 3597 praegressum
1027 3540 1098 3582 ante
1116 3535 1251 3597 capiamini
1259 3535 1385 3598 refertur,

214 3591 363 3656 censivam,
391 3607 460 3656 quae
487 3593 615 3646 oblativis
644 3595 798 3652 absolutis.
818 3625 908 3678 neque
925 3611 1069 3662 relativum
1090 3617 1147 3675 est,
1172 3613 1220 3663 sed
1238 3615 1387 3678 respondet

213 3670 300 3730 inesii
318 3668 355 3720 ⁰f·
374 3669 419 3720 Fr·
437 3670 493 3736 111,
513 3673 561 3737 77,
584 3673 624 3728 10·
818 3698 868 3740 tam
885 3690 1053 3755 particulae,
1071 3690 1112 3741 ita
1131 3696 1162 3740 ut
1180 3690 1313 3744 eudociae
1330 3709 1386 3744 mo·

249 3758 275 3820 5.
297 3757 338 3812 to.
356 3758 497 3826 contracta]
523 3762 706 3816 Accusativus
724 3769 775 3818 cst.
819 3765 870 3815 dus
884 3773 1016 3832 aequetur
1026 3767 1105 3818 modo
1118 3767 1273 3830 felicitatis3
1289 3773 1386 3820 audere

215 3838 337 3890 Contrclli
357 3838 485 3890 dicuntur
503 3857 549 3905 ee,
572 3857 642 3908 quac
660 3843 703 3893 cul
722 3857 775 3894 mo·
820 3845 891 3892 enim
910 3845 1035 3897 absolute
1054 3846 1174 3912 positum
1191 3845 1328 3911 significat
1340 3865 1386 3897 uu-

214 3917 286 3967 lesta
312 3921 339 3967 et
361 3917 444 3967 noxia
468 3919 512 3968 vel
537 3934 586 3969 suc
614 3920 657 3970 vel
685 3919 777 3971 aliena
820 3920 895 3970 dacia
912 3927 957 3974 uti.
987 3925 1078 3988 Quare
1101 3923 1187 3974 totius
1208 3921 1264 3972 loci
1288 3937 1384 3977 sensus

216 3992 298 4058 culpe
315 3993 457 4055 accidunt;
485 3995 520 4045 cf.
545 3997 591 4047 Fr.
616 3997 660 4061 ΙΙ,
679 3999 728 4062 50,
750 3998 776 4050 8.
820 4003 877 4048 cat:
896 4017 1011 4063 „vereor
1034 4004 1172 4068 ignaviam
1194 4006 1330 4068 vestram,
1350 4021 1386 4056 ne

215 4071 273 4121 Cic.
299 4070 369 4132 Epp.
391 4069 427 4118 ed
449 4071 482 4132 Q.
500 4073 547 4123 Fr.
572 4074 600 4138 1,
628 4075 660 4136 1,
687 4074 711 4126 l.
735 4075 776 4124 Eu
818 4104 853 4114 -
878 4083 941 4128 ante
968 4078 1043 4146 (ipsi)
1068 4079 1217 4145 capiamini
1243 4107 1278 4116 —-
1304 4097 1384 4147 quem

213 4149 387 4199 scelestissima
396 4147 470 4209 serre
479 4148 587 4202 immines
599 4151 696 4211 debent,
712 4169 777 4218 mace
818 4153 950 4224 (omnino)
973 4157 1039 4208 licet
1064 4175 1125 4209 eum
1153 4174 1265 4225 capere,
1290 4164 1317 4210 et
1339 4161 1385 4224 (ce

212 4226 324 4284 ipsorum
341 4225 416 4286 culpa
434 4235 605 4278 contracta
622 4239 687 4280 merit.
817 4233 857 4299 rc)
875 4234 1009 4284 audaciae
1024 4235 1134 4301 dignum
1153 4239 1303 4302 praemium
1321 4254 1385 4288 con-

247 4297 331 4363 fecta]
352 4316 391 4351 sc.
412 4316 485 4364 esse;
504 4305 542 4355 ci.
562 4308 587 4366 ᾖ.
607 4307 650 4358 23.
816 4311 925 4375 sequi.“
958 4312 1028 4360 Nam
1057 4315 1103 4377 qui
1137 4323 1207 4364 tcm
1236 4317 1307 4379 felic
1336 4323 1385 4376 est,

247 4373 352 4438 fecerit]
378 4378 414 4426 Vi
442 4380 560 4441 optativi
586 4381 689 4432 dietum
715 4389 772 4444 est3
814 4395 960 4451 quantum
984 4389 1075 4448 audet,
1105 4389 1229 4452 profecto
1252 4394 1385 4444 andaciae
