3070 4852
573 303 766 374 ruooarrm.
797 307 827 356 o.
853 306 882 356 o.
907 309 951 356 or.
1181 369 1185 376 ,
1292 297 1351 360 sm

178 468 258 538 tere,
288 469 443 540 praeterea
469 461 544 523 alios
572 479 661 542 super
687 461 792 524 vallum
822 465 849 523 in
879 463 1060 526 munimentis
1091 465 1207 544 iuuare,
1237 465 1355 544 vigilias

178 570 243 648 ipse
272 571 439 650 circumire,
477 589 534 632 non
571 581 626 632 tam
662 571 820 634 dillrdentia
851 575 992 651 loturum,
1027 593 1102 654 quae
1136 578 1352 658 imperavisset,

179 697 263 758 quam
285 683 324 740 uti
350 681 486 741 militibus
509 690 689 761 exaequatus
712 702 775 742 oum
804 685 981 762 imperatore
1008 685 1093 745 labos
1117 687 1282 748 volentibus
1307 705 1352 746 es·

151 797 239 848 sset.
287 789 324 850 Et
355 809 425 852 sane
450 793 557 853 llarius
591 792 703 872 illoque
732 793 856 873 aliisque
885 794 1065 874 temporibus
1092 796 1252 874 Iugurthini
1281 794 1352 855 belll

178 901 292 980 pudore
315 904 409 980 magis
432 921 515 982 quam
537 903 613 964 malo
636 903 796 963 exereitum
816 903 990 974 coercebat:
1019 907 1100 984 quoti
1118 905 1197 966 multi
1220 923 1273 984 per
1293 922 1350 965 am·

178 1011 318 1072 bitionem
345 1013 407 1073 iveri
434 1013 566 1090 alebant,
599 1031 681 1092 pars,
717 1013 795 1091 quod
823 1033 839 1074 a
866 1015 987 1093 pueritia
1013 1023 1180 1077 consuetam
1207 1014 1349 1091 duritiam,

178 1129 207 1182 et
242 1122 316 1201 alia,
358 1140 432 1201 quae
465 1125 556 1184 aeteri
592 1124 724 1183 miserias
760 1132 884 1202 vocant,
918 1126 1060 1206 voluptati
1094 1125 1257 1194 habuisset;
1295 1125 1353 1184 nisi

177 1240 272 1291 tamen
305 1232 472 1312 respublica
504 1233 614 1312 pariter
644 1251 680 1293 ao
709 1233 890 1294 saevissumo
921 1234 1045 1316 imperio
1076 1236 1151 1296 boue
1185 1243 1273 1313 atque
1301 1234 1351 1294 tle·

179 1361 250 1403 oore
279 1353 374 1422 gesta.

264 1452 311 1513 cl.
360 1454 452 1532 Igitur
483 1459 586 1530 quarto
613 1451 738 1531 denique
767 1454 813 1514 die
844 1453 920 1515 haud
945 1455 1036 1534 longe
1064 1454 1100 1515 ab
1129 1456 1240 1536 oppido
1269 1453 1350 1515 Cirta

178 1563 304 1644 undique
332 1562 414 1624 simul
443 1561 646 1642 speculatores
677 1564 724 1622 oiti
753 1581 820 1623 sese
844 1565 1013 1644 ostendunt,
1047 1584 1102 1646 qua
1127 1585 1159 1626 re
1185 1566 1277 1627 hostis
1299 1564 1347 1626 aul·

149 1686 246 1735 essse
269 1674 470 1752 intelligitus·
496 1671 554 1732 Sed
582 1673 647 1751 quia
674 1672 800 1750 divorsi,
831 1674 987 1736 redeuutes
1013 1675 1086 1736 alius
1113 1674 1148 1734 ab
1178 1676 1233 1736 alia
1256 1685 1349 1755 parte,

177 1793 263 1862 atque
298 1801 400 1844 omnes
435 1783 510 1843 idem
543 1781 759 1859 significabant,
799 1785 901 1844 oousal
930 1785 1073 1861 insertus,
1109 1801 1233 1862 quonam
1262 1785 1349 1846 modo

176 1895 268 1954 aoiem
291 1895 463 1971 instrueret,
487 1893 566 1953 nullo
588 1891 691 1952 ordine
714 1901 905 1970 commutato,
928 1893 1082 1954 advorsum
1106 1895 1200 1954 omnia
1221 1902 1347 1974 paratus,

149 2002 285 2065 sibiuem
308 2004 469 2083 opperitur.
507 2002 549 2063 ltu
572 2001 738 2080 Iugurtham
761 2020 831 2082 spes
850 2003 1002 2081 frustrata,
1026 2004 1074 2082 qui
1097 2004 1201 2082 oopias
1220 2004 1247 2062 iu
1269 2012 1348 2082 quat·

176 2125 242 2175 tuor
271 2117 362 2194 partis
391 2113 599 2189 distribuerat‚‘
618 2121 697 2172 ratus
721 2131 759 2172 ex
783 2113 914 2173 omuibus
941 2131 1035 2192 aequo
1060 2114 1174 2190 aliquos
1202 2112 1238 2172 ab
1261 2121 1348 2190 tergo

148 2223 309 2286 ahostthus
334 2234 483 2286 venturos.
528 2223 643 2283 interim
671 2221 766 2301 Sulla,
796 2242 881 2303 quem
910 2225 1030 2304 primum
1057 2223 1159 2283 hostes
1183 2222 1347 2299 attigerant,

177 2335 346 2395 oobortalus
374 2353 459 2413 suos,
496 2335 637 2396 turmatim
667 2342 696 2393 ot
725 2352 809 2413 quam
844 2354 975 2396 maxume
1005 2334 1144 2394 conlertis
1172 2333 1254 2411 equis
1282 2333 1347 2410 ipse

177 2445 284 2524 aliique
305 2446 423 2508 lllauros
446 2445 598 2521 invadunt,
630 2445 721 2504 ceteri
743 2446 771 2504 in
794 2445 863 2505 looo
881 2455 1030 2507 manentes
1054 2443 1089 2503 ab
1111 2443 1214 2504 iaculis
1236 2443 1347 2504 eminus

176 2633 264 2682 minus
289 2649 349 2682 eum
373 2632 526 2683 diffidentia
551 2648 632 2698 quam
656 2632 737 2681 ambi·
783 2632 885 2696 tamen)
905 2632 956 2681 boo
974 2635 1076 2681 eertum
1092 2635 1134 2680 est
1151 2657 1186 2669 -
1202 2629 1346 2694 rempubli-

115 2771 119 2778 .
177 2711 252 2760 tione
271 2710 310 2759 ita
330 2711 428 2774 egisse.
514 2739 517 2746 ι
782 2723 884 2757 oam-
896 2713 1001 2771 gestam
1013 2723 1081 2759 esse.
1102 2725 1129 2757 v.
1143 2707 1177 2756 ad
1190 2707 1250 2770 Iug.
1265 2709 1307 2768 24,
1318 2707 1343 2756 5.

208 2787 331 2855 futurum]
350 2789 368 2838 i.
383 2804 406 2838 e.
418 2790 493 2852 sore,-
505 2787 659 2852 antiquiors
671 2785 741 2836 enim
817 2784 960 2844 respublica
978 2811 1015 2820 —
1031 2784 1093 2834 bene
1109 2782 1193 2847 gesta]
1217 2784 1234 2833 i.
1254 2799 1277 2835 e.
1298 2784 1345 2832 bo-

70 2861 77 2872 “
176 2882 250 2916 more
274 2865 425 2915 infinitivus
451 2866 535 2917 futuri
564 2869 618 2915 aot.
644 2867 740 2913 neutro
782 2873 845 2910 num
868 2860 1005 2923 publicum
1036 2858 1073 2922 (v.
1100 2859 1133 2908 ad
1156 2859 1215 2908 Ost.
1237 2857 1286 2919 38,
1304 2860 1343 2924 3.)

176 2944 314 3008 participii
327 2943 423 3004 fiebat,
443 2943 516 2993 nullo
534 2941 638 2992 numeri
656 2944 682 2990 et
696 2953 742 3002 ge·
779 2934 865 2984 iulum
884 2940 966 2998 atqua
977 2941 1102 2996 auctum
1122 2936 1157 2987 ef.
1175 2935 1251 2984 uses.
1266 2936 1297 2986 Β.
1311 2934 1342 2983 C.

175 3023 248 3072 neris
267 3022 375 3072 ratione
392 3020 502 3081 babita3
529 3021 564 3070 ol.
589 3018 656 3069 Geli.
676 3015 737 3066 NN.
779 3013 807 3074 1,
828 3013 852 3074 7,
872 3011 896 3063 6.
918 3013 1044 3061 Hortatur·
1061 3015 1161 3071 milites,
1182 3015 1251 3062 euius
1268 3015 1344 3075 irrepa-

175 3100 232 3153 ΑΛ,
250 3098 279 3160 I,
299 3100 325 3150 7,
675 3125 677 3129 -
780 3090 876 3137 ratario
892 3089 968 3138 dueta
984 3103 1068 3138 nouem
1084 3091 1158 3139 annis
1176 3090 1343 3152 rempubli-

209 3173 357 3239 uolentilvas]
379 3191 405 3227 v.
426 3173 461 3222 ad
478 3171 535 3233 Iug.
554 3168 596 3227 84,
616 3165 640 3216 3.
779 3181 841 3215 eam
869 3166 1065 3228 felicissime
1099 3168 1279 3231 gesserint,
1314 3172 1343 3214 ut

211 3264 236 3312 5.
259 3257 368 3325 pudore]
403 3275 430 3309 v.
453 3256 487 3305 ad
505 3253 564 3303 Ost.
585 3251 627 3312 12,
642 3252 672 3310 23
696 3263 734 3297 so.
778 3244 831 3292 eius
849 3244 1104 3294 existimationem-
1124 3245 1270 3308 defendant.

174 3338 297 3405 pudebat
325 3333 425 3386 milites
455 3329 539 3381 officii
566 3326 736 3393 negligentes
813 3319 974 3386 saevissumo]
994 3337 1020 3371 v.
1041 3321 1074 3371 ad
1093 3323 1216 3387 Iug.4·i‚
1233 3322 1258 3373 1.

175 3432 244 3470 esse.
265 3415 300 3466 ci.
318 3411 395 3461 Caes.
415 3411 446 3460 B.
470 3408 502 3459 G.
522 3405 549 3468 Ι,
570 3406 617 3468 40,
638 3406 680 3456 14.
704 3403 736 3454 Ut
813 3405 858 3455 01.
878 3405 901 3457 1.
921 3404 1010 3471 luetis]
1038 3407 1136 3457 Aecus.
1152 3405 1220 3472 plur.
1241 3411 1292 3459 est.

175 3491 363 3562 quamprimum
380 3486 519 3549 intelligere
532 3490 635 3547 posset,
655 3489 735 3532 utrum
812 3484 837 3532 2.
866 3483 1001 3534 redeuutes
1026 3487 1092 3536 alius
1117 3486 1149 3536 ub
1176 3487 1230 3536 alia
1252 3482 1338 3549 parte]

173 3571 244 3634 apud
258 3581 302 3616 eos
318 3563 510 3626 pudebatque
528 3560 642 3624 officium,
660 3575 693 3608 arr
706 3559 737 3608 a‘-
776 3559 828 3609 His
847 3560 937 3609 verbis
957 3575 1004 3625 por
1017 3564 1180 3628 epexegesim
1195 3563 1339 3623 indicatur,

175 3661 227 3696 tuor
243 3644 348 3692 valeret.
777 3653 830 3704 quo
849 3652 931 3687 sensu
950 3639 1045 3689 diuersi
1062 3641 1267 3705 intelligendum
1293 3642 1338 3692 sii.

206 3718 281 3785 suala]
303 3719 320 3770 i.
336 3733 358 3766 s.
375 3731 475 3781 poena;
493 3713 530 3765 ei.
546 3711 732 3778 Ter.Adalpb.
812 3713 897 3780 atque]
919 3716 937 3764 i.
957 3731 980 3768 s.
1002 3725 1026 3766 et
1044 3719 1139 3782 quidem
1166 3717 1202 3781 (v.
1213 3718 1259 3768 aad
1277 3719 1337 3783 Iug.

172 3801 194 3864 Ι,
217 3802 240 3863 l,
259 3801 304 3851 44.
324 3796 358 3845 M
361 3798 414 3845 alo
431 3801 533 3844 coaetus
552 3795 594 3857 qui
609 3809 678 3843 saum
695 3794 734 3856 of·
777 3795 824 3856 92,
843 3792 896 3857 4.),
922 3793 994 3857 quod
1012 3793 1037 3842 h.
1054 3793 1072 3846 l.
1095 3795 1141 3843 vix
1160 3795 1249 3845 differt
1266 3795 1300 3845 ab
1316 3804 1341 3846 et

168 3883 251 3946 stolam
266 3877 340 3944 facil.
775 3879 866 3922 tumen.

203 3977 253 4026 per
273 3953 435 4020 ambitionem]
460 3971 488 4008 v.
509 3953 543 4003 ad
560 3954 621 4020 Iug.
640 3958 689 4019 45,
709 3955 733 4008 l.
812 3955 837 4008 3.
862 3969 897 4004 ea
914 3950 1024 4001 omuibus
1041 3965 1121 4014 aeque
1139 3949 1247 4016 aliquos]
1275 3951 1294 4002 i.
1314 3966 1337 4001 e.

206 4034 359 4100 obuersatam]
388 4032 580 4104 Praedicatum
598 4036 654 4094 est,
673 4048 734 4083 oum
777 4049 812 4084 oa
834 4037 950 4098 puatuaor
977 4027 1015 4078 lu‘s
1037 4027 1154 4090 partibus
1175 4037 1244 4079 uerte
1268 4045 1340 4078 unam

170 4118 299 4168 habuisset
316 4109 541 4175 coniungendam.
774 4117 970 4174 portantesque
988 4106 1073 4168 modo,
1100 4120 1261 4170 quoeunque
1280 4106 1338 4155 Ma·

206 4195 256 4244 nist
271 4199 352 4242 tamen
366 4185 432 4252 eto]
453 4185 611 4238 Sententiae
630 4183 671 4233 ita
688 4201 734 4235 oo·
775 4187 832 4237 rius
854 4181 1027 4248 procederet,
1055 4182 1089 4232 ab
1115 4187 1191 4248 tergo
1214 4183 1338 4234 hostibus

172 4269 296 4318 haerent:
323 4267 456 4315 insertum
480 4267 586 4324 autem,
613 4261 667 4310 utri
690 4279 735 4313 ve·
776 4266 928 4312 venturam.

171 4345 228 4396 rius
239 4342 433 4404 iudicaverinl3
452 4341 507 4392 nisi
523 4344 614 4391 lamen
632 4337 678 4404 (ε
689 4341 737 4392 aed
811 4341 837 4393 4.
870 4339 925 4402 ipae
948 4333 1050 4401 aliique]
1088 4335 1107 4388 i.
1139 4350 1163 4388 e.
1192 4337 1246 4400 ipae
1273 4350 1338 4386 oum
