3024 4852
532 1095 920 1168 ARGUMENTUM.

641 1281 814 1290 ———-

216 1402 241 1454 1.
277 1403 410 1454 Homines
424 1421 479 1456 nou
495 1405 604 1456 deiectu
621 1403 731 1469 virium,
748 1407 796 1457 sed
808 1423 936 1472 perverso
951 1425 1043 1460 eurum
1056 1427 1107 1462 usu
1120 1411 1218 1462 infirmi
1233 1417 1311 1476 sunt,

145 1490 280 1542 industria
297 1498 325 1543 et
342 1495 444 1545 virtute
462 1496 565 1561 optima
583 1509 703 1561 quaeque
722 1499 932 1560 consequuntur.

212 1581 238 1629 2.
275 1580 401 1646 Corporis
420 1583 493 1634 bona
508 1583 580 1633 fluxa
594 1587 622 1632 et
635 1581 759 1648 fragilius
778 1582 916 1648 ingenium
934 1587 1074 1634 aeternum
1089 1587 1117 1634 et
1130 1598 1218 1634 rerum
1234 1600 1311 1650 prae·

144 1667 372 1718 stantiesimurum
391 1669 521 1720 efficiens.

212 1752 239 1806 3.
275 1754 374 1804 Verum
393 1771 475 1821 quum
494 1771 526 1806 ex
544 1756 577 1806 iis
596 1758 707 1822 propter
725 1759 877 1820 temporum
894 1755 1067 1821 iniquitatem
1084 1773 1173 1808 rerum
1190 1757 1311 1822 publiea·

142 1854 201 1889 rum
220 1855 287 1890 eura
305 1841 456 1894 omittenda
470 1843 520 1906 sit,

211 1927 237 1975 4.
275 1925 406 1977 historiae
424 1929 542 1978 studium
561 1927 671 1992 ingenio
691 1927 839 1978 exercendo
856 1926 1028 1992 aptissimum
1046 1930 1097 1978 est.
1127 1927 1196 1977 Eius
1213 1927 1253 1976 rei
1267 1942 1311 1976 ex·

143 2010 249 2060 cusatio
273 2015 330 2060 tum
358 2013 392 2063 ab
416 2013 477 2078 ipsa
507 2013 564 2063 eius
596 2013 715 2064 utilitate
743 2017 801 2064 tum
827 2029 844 2063 a
877 2014 1012 2079 corruptis
1040 2012 1161 2064 civitatis
1190 2013 1310 2064 moribus

140 2096 251 2160 petitur.

212 2271 238 2322 5.
274 2270 345 2322 Belli
361 2269 515 2337 Iugurthini
532 2271 665 2335 gravitas.
679 2296 715 2306 -
732 2269 878 2335 Superiora
891 2271 1026 2324 Numidici
1041 2272 1117 2338 regni
1130 2276 1262 2339 tempora.
1275 2303 1309 2314 -

144 2353 295 2420 Iugurthae
313 2372 407 2422 genus.

212 2441 237 2494 6.
274 2442 301 2491 Is
320 2443 429 2509 ingenio
447 2447 530 2509 atque
552 2458 664 2509 corpore
681 2440 787 2493 validus
806 2441 1037 2509 popularibusque
1060 2459 1139 2494 curus
1158 2461 1174 2494 a
1191 2446 1311 2512 Micipsa

142 2527 267 2593 timetur,
287 2532 315 2578 et
1029 2583 1032 2588 .

210 2615 235 2666 7.
272 2613 375 2679 perfido
399 2614 514 2667 consilio
536 2615 571 2666 ad
596 2613 696 2666 bellum
719 2613 916 2677 Numantinum
938 2613 1067 2678 mittitur,
1089 2615 1136 2666 ubi
1158 2617 1259 2668 virtute
1284 2621 1311 2666 et

142 2699 278 2751 industria
296 2701 418 2752 eminuit.

212 2786 238 2840 8.
274 2787 316 2838 Ab
334 2787 489 2839 hominibus
506 2784 631 2836 factiosis
650 2782 701 2848 spe'
715 2784 822 2850 imperii
841 2798 973 2834 accensus
991 2801 1008 2834 a
1026 2786 1058 2837 P.
1076 2785 1203 2850 Scipione
1221 2786 1311 2837 mode·

142 2874 212 2925 stiae
231 2874 407 2935 admonetur,
428 2876 455 2922 et

211 2960 237 3012 9.
275 2976 338 3010 cum
359 2959 417 3008 eius
434 2957 534 3007 litteris
555 2953 709 3004 honorificis
729 2955 837 3004 domum
859 2953 986 3004 dimissus
1006 2969 1022 3004 a
1040 2954 1155 3024 ldioipse
1177 2955 1309 3006 benevole

141 3048 275 3112 accipitur
294 3051 321 3096 et
340 3044 496 3110 adoptatur.

213 3133 255 3184 10.
291 3131 424 3196 Micipsae
442 3127 580 3180 morientis
599 3130 719 3177 extrema
737 3123 773 3174 ad
790 3121 950 3190 Iugurtham
969 3125 1071 3189 oratio,
1094 3141 1147 3190 qua
1167 3125 1265 3176 fratres
1284 3126 1309 3176 ei

142 3217 436 3357 coImlllllldal‘liscordia
453 3301 525 3352 inter
542 3298 650 3366 regulos
675 3300 744 3350 orta.
782 3294 915 3362 Iugurtha
939 3311 1043 3347 summo
1067 3295 1235 3361 Hiempsalis
1255 3296 1309 3348 fra-

140 3391 190 3442 tris
209 3391 271 3443 odio
289 3391 433 3452 incensus,

210 3479 251 3531 12.
288 3473 350 3528 dolo
369 3490 428 3526 eum
444 3470 662 3524 interficiendum
681 3473 768 3521 curat.

211 3680 251 3732 13.
286 3682 356 3731 Tum
375 3679 523 3743 Adherbal,
543 3679 624 3729 armis
643 3678 744 3727 frustra
758 3673 886 3736 tentatis,
905 3673 1018 3722 Romam
1034 3671 1184 3721 contendit.
1212 3671 1308 3737 Iugur-

137 3765 198 3828 tha,
214 3765 314 3831 legatis
333 3767 426 3817 eodem
440 3766 546 3831 missis,
564 3765 722 3831 ingentibus
737 3759 895 3812 muneribus
912 3759 1033 3808 lautores
1049 3773 1081 3806 ex
1093 3755 1238 3807 nobilitate
1254 3755 1308 3806 sibi

157 3857 228 3904 arat.

137 3868 155 3917 p
207 3939 249 3988 14.
285 3936 449 3989 Adherbalis
467 3937 496 3987 in
513 3939 611 3986 senatu
630 3931 726 3984 oratio.
740 3958 772 3968 —
788 3930 1006 3994 Apatrisstque
1021 3927 1067 3977 avi
1082 3925 1211 3976 memoria
1232 3939 1308 3974 exor-

138 4039 184 4074 sus
203 4038 337 4089 nusquam
356 4039 385 4074 se
402 4023 532 4074 auxilium
550 4026 643 4086 petere
660 4033 741 4085 posse
757 4017 811 4066 nisi
830 4031 847 4066 a
861 4015 991 4068 Romanis
1009 4011 1192 4070 lamentatum
1212 4009 1308 4074 Iugur-

27 4087 28 4092 *
122 4107 202 4160 'thae
223 4109 327 4172 scelus,
351 4125 432 4174 quam
450 4110 567 4158 immane
589 4107 640 4169 sit,
663 4105 756 4162 docet;
781 4099 902 4150 familiae
924 4111 990 4147 suae
1012 4095 1091 4146 fidem
1112 4097 1140 4145 in
1158 4097 1305 4156 Romanos,

138 4209 215 4245 suam
233 4196 370 4246 miseriam
388 4211 421 4245 ac
436 4194 533 4245 salutis
551 4191 670 4257 inopiam
685 4189 891 4245 commemorat;
910 4187 1047 4248 postremo
1060 4186 1159 4231 metum
1177 4181 1253 4244 iacit,
1271 4196 1306 4230 ne

136 4278 285 4344 Iugurthae
306 4279 397 4345 gratia
414 4277 488 4344 apud
506 4275 605 4327 multos
629 4275 682 4324 sibi
705 4274 792 4335 obsit,
818 4287 851 4322 ac
875 4269 1065 4333 desperatione
1087 4282 1175 4316 rerum
1194 4281 1305 4317 suarum

136 4364 171 4432 ad
191 4366 265 4416 vilse
284 4356 405 4416 taedium
423 4379 452 4415 se
469 4363 545 4428 adigi
564 4360 640 4411 dicit.

1046 4446 1093 4508 8*
