3028 4852
182 301 206 345 X
599 301 763 350 EDITORIS
786 301 958 350 EPISTULA

181 455 403 548 explicatione
425 455 555 542 prodita
575 457 766 542 planissime
787 464 929 544 pateret,
959 457 1078 544 quibus
1100 459 1283 526 rationibus
1304 464 1358 527 vel

179 581 313 660 recepta
357 573 455 638 lectio
490 573 544 638 vel
583 575 665 639 inita
706 576 882 642 verborum
924 577 1150 664 interpretatio
1184 581 1354 645 niteretur.

180 679 308 775 Quare,
331 715 528 780 quamquam
550 693 605 757 hic
626 694 712 759 liber
731 694 865 758 minime
887 695 1033 760 criticam
1051 679 1192 784 speciem
1213 722 1293 787 prae
1322 723 1356 766 se

180 814 261 896 fert,
280 821 407 895 tamen,
433 828 571 898 quorum
594 813 732 877 interest
760 813 803 877 ad
825 834 895 877 eam
915 836 984 878 rem
1006 817 1152 880 animum
1175 818 1356 902 attendere,

179 932 270 996 facili
290 933 423 1018 negotio
439 941 639 1016 cognoscent
655 931 714 996 has
727 931 862 996 editoris
874 941 984 1019 partes
1002 956 1054 998 me
1072 957 1139 1000 non
1155 935 1353 1022 neglexisse.

264 1052 361 1133 Quod
386 1051 549 1117 Catilinae
576 1060 609 1116 et
634 1050 814 1136 Iugurthae
836 1051 1056 1118 Historiarum
1077 1054 1280 1140 Fragmenta
1297 1056 1352 1120 ad-

178 1170 263 1253 didi,
292 1171 376 1254 Vos,
405 1171 479 1234 Viri
503 1169 741 1253 Illustrissimi,
767 1173 882 1257 putavi
908 1194 974 1236 non
1002 1173 1242 1260 improbaturos
1269 1197 1352 1241 esse.

177 1289 262 1353 Nam
285 1312 369 1376 quae
392 1291 433 1353 iis
456 1290 666 1353 continentur
688 1291 853 1355 orationes
876 1298 908 1354 et
931 1290 1089 1378 epistolae
1111 1293 1276 1377 integrae,
1300 1294 1354 1359 vel

176 1413 319 1474 maxime
348 1409 483 1496 egregia
515 1416 591 1472 sunt
623 1410 703 1473 artis
737 1408 954 1474 Sallustianae
982 1419 1207 1493 monumenta,
1235 1413 1353 1498 quihus

178 1552 245 1594 non
261 1529 403 1613 cognitis
420 1548 516 1591 nemo
534 1525 724 1592 Sallustium
749 1527 846 1614 plane
865 1533 1029 1614 cognovit.
1072 1529 1212 1615 Reliqua
1231 1539 1350 1616 autem,

178 1648 298 1735 quibus
320 1647 414 1711 multi
437 1646 569 1710 facilius
593 1654 737 1728 careant,
765 1655 835 1712 tum
861 1670 903 1713 ex
931 1657 1024 1734 parte
1053 1656 1085 1712 et
1104 1649 1177 1734 ipsa
1200 1657 1276 1713 sunt
1295 1651 1350 1715 adss

177 1766 308 1832 modum
330 1765 474 1832 iucunda
496 1766 630 1850 cognitu
645 1774 677 1830 et
691 1766 800 1850 utilia,
822 1775 891 1831 tum
911 1769 1069 1831 universa
1084 1764 1221 1832 multum
1239 1771 1351 1834 valent

146 1897 148 1901 '
175 1885 218 1950 ad
241 1887 383 1951 auctoris
404 1885 604 1973 peculiarem
631 1885 763 1949 dicendi
785 1886 1052 1952 consuetudinem
1083 1887 1266 1950 accuratius
1296 1887 1349 1952 de·
1418 1975 1420 1978 Ι

177 2006 435 2071 monstrandam.
480 2004 536 2069 Ad
557 2004 619 2069 hoc
641 2025 741 2090 quum
762 2006 932 2069 commoda
948 2005 1221 2088 Fragmentorum
1243 2005 1351 2093 dispo-

175 2127 250 2190 sitio
273 2127 371 2189 etiam
403 2146 474 2189 eam
510 2124 578 2190 vim
600 2121 735 2204 habeat,
763 2132 799 2187 ut
830 2123 993 2211 deperditi
1012 2123 1135 2209 operis,
1159 2123 1349 2211 plerumque

173 2266 307 2333 prorsus
329 2243 489 2328 ignorati,
507 2242 613 2307 forma
634 2242 795 2330 quaedam
809 2250 841 2306 et
855 2243 964 2326 imago
985 2243 1093 2306 animo
1117 2243 1246 2329 concipi
1265 2245 1349 2306 eius-

173 2386 237 2451 que
264 2362 467 2449 praestantia
498 2362 640 2447 intelligi
666 2363 785 2450 possit,
817 2361 854 2424 id
881 2361 960 2426 satis
989 2344 1125 2424 caussae
1152 2361 1271 2427 visum.
1287 2371 1348 2445 est,

174 2506 233 2548 cur
254 2481 313 2545 has
332 2481 490 2567 reliquias
511 2502 578 2545 non
600 2481 792 2563 omitterem.

260 2600 466 2686 Quamquam
489 2608 598 2664 autem
616 2609 648 2664 et
671 2602 765 2687 cupio
788 2608 820 2663 et
842 2621 952 2687 spero,
972 2599 1092 2664 multos
1117 2600 1204 2682 fore,
1228 2599 1347 2686 quibus

172 2720 254 2784 haec
267 2719 367 2784 editio
380 2719 585 2784 commodum
607 2741 713 2805 neque
735 2718 882 2782 inutilem
904 2740 1000 2783 usum
1022 2717 1192 2805 praebeat,
1217 2718 1280 2782 duo
1300 2727 1347 2782 ta·

173 2862 248 2905 men
268 2860 347 2927 prae
370 2838 487 2902 ceteris
511 2846 588 2902 sunt
607 2836 827 2901 studiosorum
844 2859 982 2922 genera,
1006 2836 1124 2924 quibus
1141 2838 1347 2923 potissimum

171 2958 330 3047 prodesse
352 2954 454 3022 volui.
495 2955 645 3020 Alterum
668 2927 719 3020 esl
741 2978 869 3040 eorum,
891 2955 1009 3042 quibus
1029 2957 1065 3019 in
1087 2977 1240 3041 suprema
1253 2977 1345 3041 gym-
1432 3015 1436 3022 .

172 3079 338 3142 nasiorum
359 3061 457 3140 classi
480 3075 570 3162 (nam
593 3073 755 3139 secundae
777 3075 937 3160 ascriptos
965 3084 1032 3139 tam
1062 3075 1157 3161 gravi
1183 3075 1345 3158 scriptori,

172 3195 375 3282 Thucydidis
398 3193 526 3258 aemulo
543 3201 574 3257 et
590 3192 705 3257 Tacito
721 3193 956 3277 comparando,
979 3195 1119 3278 impares
1138 3192 1261 3277 iudico)
1275 3191 1344 3257 Sal-

171 3314 288 3380 lustius
320 3314 532 3398 praelegitur.
584 3310 658 3376 Scio
690 3311 842 3398 equidem
869 3310 952 3375 nihil
981 3310 1151 3375 difficilius
1180 3318 1212 3374 et
1239 3311 1345 3395 magis

170 3436 308 3500 arduum
342 3453 430 3514 esse,
459 3452 557 3518 quam
588 3438 738 3494 auctores
770 3437 899 3494 veteres
926 3428 1090 3515 probabili
1118 3437 1150 3493 et
1175 3429 1343 3494 fructuoso

171 3553 356 3619 scholarum
371 3551 447 3614 usui
469 3550 647 3630 adornare,
671 3570 709 3612 ac
730 3569 797 3614 non
819 3546 923 3612 solum
944 3549 1066 3612 iustum
1087 3547 1219 3612 modum
1231 3557 1343 3614 tencre

170 3675 256 3737 inter
277 3669 415 3734 nimium
444 3676 477 3732 et
508 3690 641 3754 parum,
676 3666 734 3731 sed
763 3667 860 3730 etiam
891 3666 1171 3752 interpretationis
1204 3670 1342 3734 formam

169 3792 335 3878 proposito
357 3788 607 3853 convenientem
626 3786 728 3868 inire,
759 3807 895 3871 eamque
917 3785 958 3850 ob
980 3807 1131 3850 caussam
1151 3787 1224 3851 aliis
1247 3789 1344 3852 aliter

169 3909 286 3977 videri.
333 3904 399 3970 Sed
419 3914 529 3970 tamen
550 3907 597 3969 ita
612 3899 698 3969 'mihi
724 3927 917 3991 persuasum
946 3914 1010 3988 est,
1041 3905 1069 3968 si
1099 3906 1155 3990 qui
1189 3906 1342 3993 discipuli

170 4027 256 4092 domi
272 4031 422 4088 accurate
444 4026 673 4109 cognoverint,
697 4046 781 4113 quae
795 4023 836 4087 de
850 4025 1026 4090 verborum
1042 4045 1104 4087 usu
1122 4030 1154 4087 et
1169 4031 1340 4109 potestate,

169 4144 447 4211 constructionum
468 4143 609 4226 ratione,
634 4144 869 4208 sententiarum
891 4165 994 4225 nexu,
1017 4163 1127 4206 rerum
1149 4142 1340 4206 condicione

169 4288 189 4329 a
210 4286 262 4327 me
288 4249 444 4327 annotata
467 4269 558 4344 sunt,
589 4285 644 4340 eos
674 4268 763 4326 recte
789 4269 1000 4347 praeparatos
1028 4259 1071 4324 ad
1101 4260 1270 4326 doctorum
1292 4249 1355 4324 in-'

168 4383 354 4448 stitutiones
373 4401 564 4446 accessuros
592 4403 665 4445 cum
693 4381 865 4465 fructuque
891 4379 1076 4463 audituros,
1107 4401 1190 4465 quac
1214 4378 1264 4443 illi
1285 4378 1339 4444 vel
