3024 4852
519 303 712 354 rucunnun.
735 303 766 352 c.
789 304 837 350 rx.
862 271 896 352 ιἰ.
1236 295 1296 356 133

13 513 15 532 .
92 472 164 531 evit
196 479 225 530 et
252 474 425 530 testamento
451 465 560 545 pariter
596 481 659 524 cum
691 460 759 520 liliis
792 459 930 520 heredem
964 459 1092 522 instituit.
1143 461 1203 522 Sed
1231 461 1297 540 ipse

13 623 15 658 t
123 599 237 664 paucos
264 587 331 659 post
351 595 443 639 annos
471 573 574 634 morbo
598 581 686 651 atque
714 578 810 632 aetate
840 569 992 632 coniectus
1023 587 1109 649 quum
1132 569 1187 630 sibi
1210 571 1296 630 linem

13 741 16 770 ,
122 695 201 753 vitae
222 690 326 752 adesse
349 687 550 764 intellegeret,
582 701 680 744 coram
699 657 801 743 amicis
823 689 853 740 et
876 681 1011 758 cognatis
1034 680 1161 758 itemque
1181 679 1294 740 Adher·

13 849 14 856 ι
122 804 191 864 bale
223 811 252 862 et
281 777 450 878 Hiempsale
485 795 552 856 tiliis
579 793 684 854 dicitnr
712 789 913 854 huiuscemodi
940 789 1033 851 rerba
1068 807 1132 850 oum
1157 788 1296 871 Iugurtha

122 915 278 976 habuisse:
543 983 545 986 Ι

207 1025 244 1086 Χ.
289 1021 412 1082 Parvum
439 1034 497 1095 egc
523 1025 569 1093 te,
597 1011 750 1090 Iugurtha,
779 1009 886 1070 amisso
915 1018 1014 1088 patre,
1044 1009 1106 1070 sine
1134 1027 1206 1089 spe,
1232 1011 1296 1070 sine

123 1137 244 1218 opibus,
274 1137 302 1194 in
328 1150 423 1192 meum
451 1143 574 1205 regnum
602 1122 721 1200 accepi,
752 1120 928 1180 existumans
955 1137 1013 1178 non
1039 1119 1131 1178 minus
1159 1137 1204 1179 me
1235 1119 1297 1197 tibi,

124 1267 209 1330 quam
231 1248 256 1308 si
280 1243 464 1324 genuissem,
494 1236 531 1297 oh
551 1233 695 1294 beneficia
720 1248 817 1291 carum
836 1229 918 1298 fore;
947 1245 1044 1308 neque
1064 1247 1099 1290 ea
1121 1248 1171 1290 res
1193 1227 1299 1290 falsum

96 1371 172 1426 2me
196 1357 305 1419 habuit.
348 1351 436 1427 Nam,
459 1355 489 1409 ut
510 1345 565 1407 alia
586 1359 690 1420 magna
711 1348 740 1399 et
759 1340 882 1418 egregia
900 1347 948 1398 tua
971 1340 1114 1417 omittam,
1131 1339 1298 1399 novissume

125 1470 245 1533 rediens
266 1461 418 1524 Numantia
443 1473 548 1536 meque
570 1469 750 1531 regnumque
772 1468 865 1511 meum
895 1449 991 1527 gloria
1012 1449 1208 1526 honoravisti,
1235 1455 1304 1508 tua-0

128 1599 186 1660 que
208 1577 313 1637 virtute
334 1571 419 1633 nobis
436 1571 585 1630 Romanos
607 1563 762 1623 examinis
785 1561 986 1621 amicissumos
1006 1558 1118 1630 iecisti;
1142 1561 1170 1620 in
1192 1559 1296 1636 Hispa·

126 1691 173 1751 nia
193 1704 298 1748 nomen
314 1683 440 1745 familiae
459 1683 629 1741 renovatum
643 1681 703 1743 est;
725 1681 884 1752 postremo,
907 1669 985 1750 quod
1002 1669 1209 1730 difficillumum
1221 1669 1298 1728 inter

96 1798 258 1866 3mcrtalis
287 1805 347 1872 est,
376 1792 470 1871 gloria
497 1786 632 1848 invidiam
658 1781 763 1844 risisti.
807 1780 907 1857 Nunc,
937 1780 1073 1859 qnoniam
1102 1778 1169 1839 milri
1196 1785 1299 1838 natura

128 1913 214 1971 iinem
236 1909 313 1968 vitae
331 1905 417 1980 facit,
450 1919 505 1980 per
524 1897 604 1958 hanc·
623 1895 789 1966 dexteram,
819 1908 872 1970 per
893 1889 978 1968 regni
1000 1887 1085 1948 iidem
1115 1905 1221 1947 moneo
1246 1886 1297 1946 cb-

126 2028 281 2096 testorque
303 2025 348 2093 te,
370 2023 400 2072 ut
420 2012 502 2089 lios,¹
515 2009 563 2087 qni
585 2005 637 2066 tibi
658 2019 769 2081 genere
793 2000 965 2080 propinqui,
989 1998 1134 2059 beneficio
1149 2015 1218 2056 meo
1240 1996 1298 2059 ira·

127 2207 230 2259 mantia
253 2203 393 2264 rediisset,
417 2197 504 2248 tribus
529 2197 592 2246 ante
615 2190 694 2242 Mici-
734 2188 768 2238 de
782 2188 859 2238 Orat.
875 2187 902 2250 1,
916 2185 945 2250 9,
960 2185 1002 2238 37.
1021 2187 1115 2252 Regum
1130 2186 1224 2234 multa
1241 2193 1300 2237 sunt

128 2303 194 2353 psee
215 2287 329 2335 mortem
357 2279 436 2331 annis
463 2275 511 2342 (ci.
536 2291 560 2324 c.
582 2273 628 2335 ll,
653 2268 691 2336 6.)
734 2267 896 2317 eniminad
907 2265 1102 2316 consumendam
1116 2262 1298 2326 rermublicam.

127 2365 272 2430 adoptatus
292 2362 343 2412 cst.
379 2356 412 2407 Id
430 2358 521 2405 autem
539 2353 643 2406 factum
665 2362 691 2396 a.
734 2343 823 2392 Tacit.
836 2341 907 2392 Anu.
923 2341 998 2404 XIV,
1017 2339 1064 2404 38,
1084 2339 1109 2393 3.
1129 2341 1301 2390 classicianus

128 2445 203 2505 121.;
221 2441 267 2492 ille
285 2438 356 2490 enim
374 2425 692 2488 mortnusesta.116.,
732 2419 846 2470 Suetonii
879 2419 1023 2468 aduersu
1053 2419 1178 2483 pravitati
1210 2420 1299 2482 ipsius,

126 2527 157 2574 ut
175 2517 350 2586 cognoscitur
369 2529 402 2564 cx
418 2513 492 2564 Livii
509 2511 583 2576 Epit.
601 2506 644 2557 ot.
731 2512 895 2562 prospera
924 2497 961 2545 ad
991 2496 1117 2558 fortunam
1146 2495 1300 2559 reipublicae

161 2601 196 2650 X.
218 2598 242 2648 1.
268 2599 323 2646 siue
346 2590 402 2657 epe]
431 2588 605 2642 Germanice:
630 2583 692 2632 cine
734 2576 858 2632 trudebat.
886 2571 955 2637 Nep.
970 2571 1102 2639 deRegg.
1121 2573 1149 2636 Ι,
1168 2572 1194 2624 3,
1214 2572 1301 2622 Xerxi

126 2674 291 2734 Auccicdtem
309 2687 349 2722 sc.
366 2667 485 2720 melioris
503 2665 638 2716 fortunae.
657 2685 692 2696 —
732 2655 840 2704 manime
857 2659 896 2701 ecl
913 2652 1059 2713 illustre,
1077 2650 1144 2714 prend
1161 2649 1300 2700 -bellum

128 2755 253 2806 Ceterum
276 2744 449 2800 substantiva
467 2759 527 2792 cnm
545 2743 598 2791 sine
617 2751 693 2803 prae·
729 2733 812 2782 intulit
829 2730 964 2782 Graeciae.

126 2831 263 2898 positione
278 2827 374 2876 iuncta
389 2821 477 2870 vicem
491 2816 617 2868 attributi
635 2827 693 2864 sus·
770 2804 881 2870 rediens]
898 2805 917 2854 i.
936 2817 959 2852 e.
978 2816 1060 2866 quum
1079 2798 1196 2862 redires,
1219 2799 1300 2850 simul

128 2912 230 2969 tinent;
249 2905 287 2959 ci.
307 2903 368 2965 Ing.
386 2898 417 2962 6,
439 2898 463 2949 l.
492 2897 538 2958 54,
557 2894 583 2944 6.
607 2891 650 2955 66,
667 2893 693 2941 4.
735 2880 917 2938 cunradum
935 2878 971 2927 cf.
992 2875 1054 2938 106,
1076 2876 1100 2926 1.

162 2989 188 3036 in
213 2997 289 3033 meum
314 2991 416 3042 regnum
442 2970 539 3036 accepi]
572 2969 695 3034 Respicit
767 2974 851 3024 meque
868 2951 1026 3020 regnumque]
1042 2969 1068 3001 v.
1089 2950 1123 3000 ad
1136 2949 1197 3000 Cat.
1213 2950 1255 3014 10,
1272 2949 1300 3000 3.

128 3064 243 3127 Micipsa
261 3056 359 3117 adid,
385 3051 458 3118 quod
475 3066 498 3100 c.
517 3049 548 3111 5,
568 3049 593 3099 7.
611 3043 695 3095 tradi·
769 3051 854 3086 namen
870 3032 982 3096 familiae
1000 3025 1153 3092 renouatum]
1177 3027 1301 3090 Respicit

128 3149 186 3193 tum
204 3142 255 3190 est.
285 3134 415 3185 Privatus
429 3126 623 3181 enimrelictus
637 3125 696 3174 fue·
734 3114 851 3176 Micipsa
878 3106 912 3157 ad
938 3104 1126 3164 Mafllssimm,
1154 3103 1202 3167 qui
1227 3103 1299 3154 bello

128 3224 172 3272 rut
193 3213 341 3281 Iugurtha,
369 3209 417 3260 sed
440 3207 558 3271 Micipsa
580 3220 640 3255 eum
665 3207 696 3253 ut
735 3188 838 3242 Punico
862 3181 981 3234 secundo
999 3179 1084 3230 multa
1109 3183 1136 3230 et
1157 3179 1299 3244 praeclara

127 3297 200 3363 regis
218 3292 304 3344 filium
320 3287 425 3338 hebuit.
463 3282 542 3346 Quod
558 3281 643 3347 igitur
657 3279 695 3328 di·
734 3267 773 3317 ῐθῐ
792 3261 917 3314 militaris
930 3259 1053 3308 facium
1067 3257 1096 3306 in
1108 3257 1244 3322 Hispania
1261 3258 1299 3308 fe·

128 3391 189 3427 0010
205 3371 314 3437 poterat
332 3368 357 3416 in
374 3378 451 3413 meam
468 3363 583 3411 aonium
599 3359 695 3421 accept,
735 3346 818 3394 cerat.
829 3370 864 3380 -
876 3339 970 3387 Nomen
986 3336 1148 3400 praegnanti
1162 3349 1244 3386 sensu
1257 3340 1300 3388 est

127 3451 218 3522 paullo
237 3442 454 3511 magnificentius
478 3440 547 3490 dixit
567 3441 594 3489 in
618 3453 694 3488 meum
730 3421 829 3487 θῑθΐῗαι
848 3417 987 3475 θῖᾱήῑῑιίῖθὶ
1005 3414 1041 3465 cf·
1062 3415 1122 3478 1¹16·
1137 3412 1184 3476 58,
1202 3413 1229 3466 3·

127 3541 264 3596 remum,
540 3515 542 3520 '
766 3498 850 3563 plania
864 3494 980 3545 inuuidiam
992 3489 1081 3555 nimau]
1102 3491 1121 3541 i.
1134 3505 1156 3542 e.
1175 3491 1204 3540 in
1221 3493 1300 3540 tanta

164 3620 236 3673 quam
250 3603 274 3652 32·
289 3592 440 3663 pennum]
467 3608 504 3644 50,
524 3579 555 3642 ιε’,
576 3586 695 3656 opponi.
733 3573 821 3641 gloria
842 3573 883 3621 lta
906 3574 933 3619 te
951 3568 1076 3634 gessisti,
1098 3571 1260 3632 tantumque
1282 3583 1300 3616 a

128 3691 172 3736 tnr
196 3679 368 3740 beneficiorum
391 3672 429 3722 uis
453 3670 565 3719 naturali
585 3665 695 3717 caritati.
734 3654 810 3704 ffliiu
821 3654 848 3701 ei
861 3647 1018 3711 mimia
1031 3645 1158 3708 abfuisti,
1176 3649 1206 3695 Ui
1222 3660 1301 3696 nemo

129 3761 230 3812 Sensus
245 3754 316 3804 enim
332 3753 386 3800 est:
406 3746 604 3798 existumabam
621 3742 693 3792 deue-
735 3733 787 3783 tibi
800 3729 916 3795 gloriam
928 3730 1002 3774 tuam
1019 3723 1167 3786 inviderem
1187 3725 1224 3775 cf.
1237 3725 1299 3789 Ing.

125 3841 186 3904 ficia
209 3848 270 3886 mea
295 3827 409 3879 cundem
433 3839 551 3874 umorem
569 3820 622 3869 mci
644 3817 696 3868 tibi
736 3813 769 3874 6,
799 3809 824 3858 1.
852 3808 928 3869 Quum
961 3805 1038 3853 omnis
1068 3804 1153 3866 gloria
1183 3806 1300 3864 anteiret,

130 3913 296 3971 excitatura,
314 3905 360 3970 qui
376 3899 434 3967 ipsi
446 3897 537 3950 naturei
554 3894 647 3945 liberis
666 3895 695 3944 in
736 3885 847 3940 omnibus
863 3891 943 3932 tumen
960 3894 1036 3928 camec
1054 3893 1118 3928 eece.

128 3994 255 4060 parentes
273 3980 410 4048 ingenitus
429 3993 489 4028 esse
506 3975 586 4026 solet.
772 3963 796 4014 3.
819 3976 868 4024 pra
891 3958 963 4022 regni
982 3953 1066 4019 tidem]
1090 3955 1108 4006 i.
1130 3971 1154 4005 e.
1173 3968 1222 4019 per
1242 3967 1302 4001 eam

160 4070 254 4133 salsum
264 4077 301 4112 me
313 4053 408 4120 natur]
428 4051 582 4104 insolenter
593 4049 695 4100 dictum
736 4039 831 4100 fidem,
850 4051 920 4101 qnae
938 4033 1016 4083 decet
1033 4046 1108 4095 eum,
1128 4032 1175 4096 qui
1189 4045 1302 4094 regnum

128 4163 177 4214 pro
194 4158 232 4193 me
246 4138 349 4205 fefellit.
737 4117 855 4175 obtinet;
886 4113 922 4164 ci.
940 4113 1001 4175 lug.
1024 4111 1074 4173 24,
1095 4110 1137 4160 10.
1161 4109 1207 4159 Me
1225 4111 1303 4158 mani·

163 4223 190 4272 2.
208 4230 299 4282 magna
317 4219 341 4262 et
363 4201 476 4273 egregia]
502 4199 696 4252 substantivo·
737 4196 782 4246 bue
798 4195 878 4257 impiis
900 4191 1004 4253 eripite,
1025 4202 1076 4250 per
1091 4188 1243 4237 maiestatem
1260 4189 1302 4236 rire.

131 4314 188 4348 rum
200 4295 338 4363 potestate
350 4287 419 4336 haec
432 4283 507 4333 dicta
520 4279 554 4330 de
568 4279 612 4342 iis,
631 4289 696 4343 quae
735 4275 805 4338 peri,
822 4285 882 4334 per
900 4266 1062 4316 amicitiae
1075 4264 1184 4327 sidem.
1212 4262 1303 4328 Ipsius

130 4378 221 4440 incepit
244 4379 317 4438 atque
336 4368 401 4433 fecit
420 4359 557 4427 Iup'urtlrm
576 4357 612 4408 ci.
636 4355 694 4406 (iic.
736 4351 868 4417 Micipsae
898 4345 978 4396 fidem
1008 4337 1126 4411 intelligi
1156 4358 1187 4394 00
1216 4344 1301 4408 patet,
