3024 4852
191 256 251 316 116
645 267 900 317 snuunuuruu.

262 423 304 474 15.
339 423 439 488 Legati
461 423 612 488 Iugurthae
637 423 810 489 impudenter
831 425 1013 477 Adherbalem
1038 427 1177 477 incusant.
1220 427 1307 478 Varie
1337 429 1372 477 in

192 515 292 560 senatu
308 526 358 575 pro
376 509 508 575 Iugurtha
526 515 554 562 et
571 527 620 576 pro
641 511 796 562 Adherbale
810 515 939 562 certatur.

261 598 303 650 16.
340 600 475 648 Fautores
494 599 644 664 Iugurthae
666 600 788 650 vincunt.
825 597 927 662 Legati
953 597 981 647 in
999 598 1121 649 Africam
1138 599 1215 650 missi
1232 603 1260 647 et
1280 615 1297 648 a
1321 600 1372 649 Iu-

191 684 292 750 gurtha
311 684 429 750 pecuuia
447 685 568 750 corrupti
587 700 700 751 regnum
717 686 789 734 inter
808 699 869 734 eum
887 687 914 733 et
931 683 1112 735 Adherbalem
1130 684 1268 736 dividunt.

260 863 303 914 17.
339 863 450 914 Africae
467 864 625 930 descriptio.
661 867 728 916 Eius
747 871 838 917 terrae
852 865 920 916 fines
937 870 966 915 ct
984 865 1100 916 incolae.

261 947 304 1000 18.
339 950 428 1014 Medi,
452 950 554 1002 Persae
579 955 606 1001 ct
622 950 744 1002 Armenii
762 955 791 1002 iu
811 951 933 1003 Africam
952 952 1117 1012 transvecti3
1141 951 1204 1002 inde
1222 952 1313 1002 Mauri
1337 957 1367 1002 et

191 1033 326 1086 Numidae
345 1036 441 1086 exorti.

263 1122 304 1173 19.
341 1122 507 1173 Phoenicum
521 1119 655 1186 plurimae
672 1121 797 1174 coloniae
814 1124 842 1173 iu
857 1141 905 1174 ora
924 1124 1061 1174 maritima
1074 1125 1209 1176 conditae.
1246 1123 1365 1174 Cartha-

191 1205 355 1271 giniensium
376 1207 518 1273 imperium
538 1209 680 1274 provincia
699 1225 812 1260 romana
836 1211 950 1262 factum.
989 1211 1116 1262 Numidia
1134 1214 1162 1261 et
1173 1212 1364 1263 Mauretania.

261 1377 305 1430 20.
319 1389 323 1398 “
339 1379 474 1445 Iugurtha
498 1381 589 1431 acrius
615 1396 696 1446 quam
720 1387 803 1433 autea
826 1381 974 1433 Adherbali
997 1398 1111 1448 regnum
1133 1383 1236 1448 eripere
1258 1381 1365 1443 studet,

192 1462 275 1528 idque
293 1480 354 1514 oum
373 1466 494 1516 exercitu
511 1467 626 1518 invadit.

260 1550 304 1602 21.
340 1549 478 1602 Adherbal
495 1553 663 1618 improspere
681 1556 788 1619 pugnat
806 1557 834 1602 et
854 1553 958 1603 Cirtam
976 1551 1132 1619 compulsus
1152 1553 1302 1604 obsidetur.

261 1638 306 1687 22.
340 1637 441 1704 Legati
457 1640 544 1690 Roma
561 1638 596 1689 ad
612 1644 757 1706 utrumqne
776 1654 868 1706 regem
887 1640 963 1690 missi
984 1656 1002 1690 a
1022 1641 1156 1707 Iugurtha
1175 1641 1253 1691 falsis
1270 1639 1367 1690 verbis

192 1721 372 1788 decipiuntur.

261 1810 305 1862 23.
340 1809 479 1861 Adherbal
496 1809 553 1860 acri
572 1809 715 1861 obsidione
732 1825 843 1876 pressus
861 1810 969 1878 legatos
988 1827 1050 1862 cum
1066 1809 1166 1862 litteris
1184 1811 1220 1861 ad
1236 1815 1368 1861 senatum

192 1896 278 1946 mittit
297 1895 428 1947 auxilium
445 1897 572 1962 petitum.

260 1985 304 2036 24.
341 1984 463 2034 Litterae
483 1983 660 2048 Adherbalis,
684 1984 782 2050 quibus
801 1981 924 2033 declarat
940 1998 970 2032 se
988 1999 1006 2032 a
1025 1981 1160 2048 Iugurtha
1182 1981 1217 2032 ad
1236 1981 1369 2046 despera·

191 2068 295 2118 tionem
315 2073 406 2119 actum
424 2086 538 2136 regnum
557 2085 635 2120 suum
654 2072 784 2121 Romanis
802 2070 928 2134 tradere,
952 2085 1064 2137 quorum
1087 2070 1142 2119 iam
1161 2069 1198 2120 sit
1217 2069 1299 2119 armis
1318 2085 1370 2121 ne·

192 2153 290 2203 furium
307 2152 414 2205 hostem
433 2155 589 2220 reprimere.

261 2241 304 2290 25.
340 2241 487 2306 Iugurtha,
506 2244 551 2292 cui
570 2241 654 2293 factio
672 2242 804 2293 nobilium
820 2241 1058 2306 patrocinabatur,
1077 2241 1184 2308 legatos
1198 2243 1227 2292 in
1240 2242 1369 2293 Africam

192 2325 290 2374 missos
306 2325 376 2376 nihil
393 2343 506 2390 curans,
526 2328 560 2378 ab
579 2329 689 2394 incepto
703 2344 759 2379 nou
775 2328 939 2392 deterretur,
956 2344 989 2379 ac

262 2410 306 2465 26.
343 2412 420 2462 Cirta
439 2413 532 2464 dedita
550 2413 734 2465 Adherbalem
752 2415 902 2467 interfecit.

262 2583 306 2634 27.
343 2583 414 2634 Tum
431 2586 549 2650 Romae,
567 2587 696 2639 Memmio
714 2589 847 2654 imprimis
867 2592 963 2639 contra
981 2586 1129 2637 factionem
1146 2582 1298 2635 nobilitatis
1319 2601 1370 2634 ex-

192 2673 335 2734 surgente,
352 2670 453 2722 bellum
470 2673 639 2737 decemitnr,

262 2756 306 2809 28.
343 2758 494 2824 Iugurthae
515 2759 600 2827 legati
616 2763 682 2814 urbe
702 2765 842 2822 ardentum
862 2758 1024 2825 Calpurnius
1048 2757 1144 2808 consul
1163 2772 1223 2808 eum
1242 2758 1369 2808 exercitu

192 2843 348 2897 Numidiam
367 2846 534 2913 ingreditur:
935 2827 940 2838 ¹

261 2932 304 2984 29.
341 2933 388 2984 sed
410 2933 490 2985 simul
513 2949 574 2984 cum
596 2933 702 2985 Scauro
726 2949 744 2988 a
767 2933 902 3000 Iugurtha
924 2949 992 2984 auro
1015 2935 1159 2997 corruptus
1183 2928 1367 2981 clementibus

98 3035 102 3042 ·
192 3033 283 3084 regem
302 3020 508 3071 condicionibus
524 3021 553 3070 in
572 3021 736 3072 deditionem
755 3021 871 3086 accepit.

261 3105 306 3156 30.
341 3109 384 3156 Ea
402 3123 431 3158 re
448 3123 548 3172 magna
566 3109 669 3159 Romae
688 3106 842 3173 indignatio
862 3112 923 3158 orta
938 3107 1065 3157 Memmio
1082 3104 1188 3170 plebem
1201 3103 1366 3168 instigante.

262 3190 306 3242 31.
342 3191 567 3243 Memmii‘oratio
583 3196 611 3244 in
625 3197 762 3246 contione.
783 3223 815 3231 —
840 3194 986 3245 Professus
1005 3193 1097 3242 multis
1110 3189 1320 3240 difficultatibus
1334 3205 1366 3239 se

193 3290 249 3326 nou
267 3276 396 3327 deterreri
414 3265 575 3329 alibertate
593 3280 698 3330 tuenda
714 3282 854 3347 ignaviam
872 3281 959 3346 plebis
978 3281 1126 3345 vituperat,
1144 3292 1215 3343 quae
1231 3275 1366 3327 nobilium

194 3361 351 3427 superbiam
369 3364 451 3414 nimis
468 3363 542 3415 lente
558 3367 639 3418 ferat.
678 3367 799 3428 Quorum
817 3383 899 3433 quum
911 3383 1016 3418 summa
1029 3368 1066 3417 sit
1081 3367 1123 3416 vis
1140 3370 1167 3415 et
1185 3363 1365 3430 impudentia,

194 3448 302 3498 obviam
330 3450 449 3500 eundum
472 3465 548 3516 esse,
579 3457 663 3518 atque
691 3455 878 3518 quaestionem
900 3443 1056 3505 habendam
1080 3454 1108 3502 in
1138 3457 1264 3503 auctores
1292 3451 1367 3501 tanti

195 3533 303 3600 flagitii.

264 3617 309 3670 32.
346 3618 459 3670 Cassius
482 3626 593 3685 praetor
616 3625 645 3672 in
666 3625 788 3676 Africam
811 3627 929 3677 mittitur
953 3627 988 3678 ad
1006 3625 1167 3692 Iugurtham
1184 3623 1296 3675 Romam
1316 3622 1366 3672 du-

193 3705 322 3771 cendum,
346 3706 408 3757 dum
425 3707 559 3774 praefecti
580 3712 697 3762 Romani
717 3713 852 3765 exercitus
876 3714 994 3764 avaritia
1012 3713 1132 3776 corrupti
1150 3709 1366 3777 flagitiosissime

193 3809 222 3845 se
242 3798 349 3860 gerunt.

264 3882 308 3934 33.
345 3882 492 3947 Iugurtha,
513 3885 610 3936 Baebii
639 3889 674 3936 tr.
702 3885 740 3951 pl.
767 3883 869 3938 auxilio
888 3884 1032 3947 munitus,
1057 3899 1074 3934 a
1099 3883 1227 3938 Memmio
1254 3895 1367 3932 accusa-

194 3976 252 4035 tur,
276 3967 325 4020 sed

257 4058 310 4112 34.
350 4057 475 4120 quaestio
493 4072 510 4105 a
527 4057 631 4108 Baebio
649 4057 803 4123 impeditur.
839 4056 942 4106 Eodem
962 4061 1083 4121 ternpore
1100 4058 1203 4108 Romae

263 4142 308 4194 35.
344 4143 469 4194 Massiva
491 4143 626 4208 Numida,
651 4149 717 4210 quia
736 4156 856 4203 animum
877 4143 905 4192 iu
923 4143 1066 4193 Numidiae
1091 4158 1203 4208 regnum
1225 4141 1367 4191 intendere

195 4225 355 4290 videbatur,
376 4229 510 4294 Iugurtha
526 4235 639 4280 auctore
657 4246 705 4295 per
722 4231 901 4281 Bomilcarem
917 4231 1106 4280 obtruncatur.
1142 4233 1212 4281 Tum

266 4311 310 4362 36.
345 4311 461 4363 Albinus
479 4328 535 4363 cos.
552 4312 652 4363 bellum
671 4314 854 4379 redintegrat,
874 4314 922 4364 sed
939 4315 1050 4365 infectis
1063 4315 1145 4366 rebus
1160 4315 1274 4366 Romam
1287 4313 1369 4376 redit,
