3092 4850
205 241 266 304 314
614 251 644 300 e.
669 252 839 300 sanausvl
862 252 976 302 emam
1025 243 1030 258 ’

204 411 341 487 micitias,
365 410 501 490 denoque
524 411 627 472 dantur
656 411 684 470 in
708 411 874 490 provincias
901 411 1128 490 magistratibus.
1172 411 1215 474 lta
1236 419 1424 492 pugnatur28

205 529 235 580 et
258 522 381 582 vincitur
401 524 516 601 paucis;
549 523 671 603 plebes,
695 523 898 604 quodcumque
922 524 1043 602 accidit,
1074 543 1128 604 pro
1151 524 1236 585 victis
1260 533 1320 600 est,
1348 533 1378 584 et

205 633 233 691 in
256 631 319 690 dies
338 633 432 710 magis
454 634 523 711 crit,
549 633 690 714 siquidem
715 637 826 696 maiore
850 653 917 695 eura
940 634 1166 696 dominationem
1188 635 1230 696 illi
1252 637 1377 695 retinue-

205 743 277 820 rint,
299 761 384 822 quam
403 762 457 803 vos
478 744 675 824 repetiveritis
695 745 868 806 libertatem.

291 853 342 914 82.
366 852 578 936 Collegamque
600 858 662 916 eius
685 857 835 918 Octavium
858 859 954 918 mitem
974 867 1004 918 et
1025 867 1140 938 captum
1158 857 1291 937 pedibus.

290 960 339 1025 83.
363 965 439 1025 blale
462 967 516 1026 iam
539 977 684 1028 assuetum
703 968 739 1028 ad
758 970 849 1028 omnis
868 971 913 1028 vis
937 973 1211 1030 controversiarum.
1317 995 1320 1002 ·

290 1077 340 1138 84.
362 1075 432 1136 Post
455 1076 576 1137 reditum
601 1097 717 1157 eorum,
740 1078 844 1159 quibus
867 1089 984 1141 senatus
1010 1080 1079 1141 belli
1095 1079 1234 1159 Lepidani
1255 1079 1376 1158 gratiam

205 1185 331 1246 leserat.

719 1351 783 1402 Osa.
803 1352 865 1402 VII.

205 1445 371 1518 Fragmenta
389 1467 499 1530 prorsus
519 1455 635 1504 obscura
653 1460 701 1504 aut
718 1455 890 1520 paucissimis
909 1455 998 1506 verbis
1014 1454 1174 1519 composita.
1204 1454 1249 1503 Fr.
1264 1451 1375 1503 85-98.

279 1589 343 1652 .85.
368 1591 453 1668 Quod
482 1592 531 1652 ubi
559 1593 665 1654 frustra
693 1601 829 1654 tentatum
858 1602 920 1672 est,
952 1592 1107 1652 socordius
1130 1594 1173 1652 ire
1197 1591 1304 1651 milites
1326 1608 1376 1650 oe·

208 1717 352 1780 coepere,
377 1721 435 1763 non
455 1705 531 1783 aptis
551 1705 653 1782 armis,
675 1713 704 1764 ut
725 1705 752 1764 in
776 1704 937 1783 principio,
958 1701 1071 1765 laxiore
1093 1703 1217 1780 agmine.

291 1812 342 1874 86.
365 1813 404 1874 Ut
425 1815 568 1874 sustinere
596 1831 725 1895 corpora
753 1815 887 1894 plerique
909 1822 1091 1892 nequeuntes
1118 1833 1196 1874 arma
1226 1831 1277 1873 sua
1299 1812 1376 1891 quis·

138 2003 140 2005 Ι
207 1939 263 2000 que
289 1933 367 1984 stans
388 1925 577 1985 incumberet.

279 2033 341 2096 ‘87.
364 2035 401 2096 Et
426 2036 502 2096 lorte
530 2037 558 2095 in
586 2035 749 2113 navigando
775 2034 883 2094 cohors
909 2053 980 2112 una,
1005 2035 1107 2112 grandi
1133 2034 1255 2114 phaselo
1279 2041 1377 2108 vecta,

207 2165 222 2206 a
246 2148 354 2206 ceteris
376 2145 536 2226 deerravit,
557 2147 686 2224 marique
710 2145 825 2224 placido
849 2164 865 2205 a
888 2145 1000 2205 duobus
1021 2146 1198 2223 praedonum
1220 2161 1376 2222 myoparo·

205 2256 289 2334 nibus
310 2259 515 2317 circumventa.
1186 2262 1190 2272 '

240 2445 354 2509 denoque
371 2441 574 2508 denturetc.]i.
591 2442 770 2508 emagistra-
845 2442 892 2492 Fr.
911 2440 966 2508 85.]
988 2443 1057 2494 Nou.
1077 2443 1125 2506 IV,
1150 2442 1175 2494 3.
1199 2442 1313 2508 p.‘235,
1332 2444 1376 2495 14.

207 2521 295 2585 tibus,
315 2522 411 2586 quibus
431 2521 466 2570 ad
479 2521 635 2586 provincias
648 2520 770 2571 obtinen-
812 2519 896 2570 Mare.
914 2548 949 2555 —
959 2519 1036 2584 Apris
1048 2523 1124 2570 ermis
1143 2520 1246 2571 dictum
1259 2537 1308 2586 pre
1322 2521 1378 2572 usi-

207 2600 255 2652 das
280 2598 412 2649 militibus
436 2615 503 2664 epus
526 2603 582 2664 est,
611 2616 659 2665 pro
680 2598 770 2649 lubitu
811 2598 911 2648 tatiore
934 2600 1042 2662 aptabo,
1068 2599 1140 2664 qued
1162 2604 1205 2649 est
1229 2603 1305 2664 aroris
1328 2617 1378 2651 ece-

205 2678 300 2730 utendi
318 2678 504 2744 assignantur.
809 2678 902 2739 peditis
924 2684 997 2741 atque
1020 2678 1058 2726 ita
1085 2680 1238 2742 compositae,
1260 2687 1307 2738 ut,
1335 2681 1379 2732 aot

242 2760 267 2820 §-
286 2756 329 2809 28.
350 2755 450 2822 paucis]
473 2757 494 2808 i.
519 2772 543 2807 e.
568 2756 598 2806 in
620 2770 769 2821 paucorum
810 2757 991 2818 asteeeniret,
1010 2756 1046 2804 ad
1057 2765 1240 2820 mereamurque
1253 2759 1279 2821 in
1292 2772 1378 2819 prom-

206 2836 323 2902 gratiam
341 2839 368 2884 et
387 2835 564 2885 commodum.
809 2839 855 2894 pta
873 2848 930 2883 esse
950 2834 1068 2895 possen't3
1094 2834 1130 2884 cl.
1149 2834 1210 2886 Liv.
1233 2835 1266 2898 V,
1284 2834 1328 2898 49,
1348 2835 1374 2886 3.

240 2922 287 2972 Fl'·
306 2918 362 2986 82]
381 2920 462 2971 ΑῙἮΒ.
483 2937 510 2985 p.
528 2920 588 2972 243.
608 2919 689 2970 Lind.
716 2918 769 2982 Agl
810 2911 844 2974 X,
864 2909 907 2973 33,
923 2913 948 2960 2·
968 2912 1057 2974 XXII,
1078 2913 1103 2976 57
1122 2910 1147 2962 3·
1258 2957 1260 2959 -

207 2999 314 3048 videtur
342 2997 375 3046 de
399 2997 515 3060 Sicinio,
545 2997 654 3047 tribune
681 2994 768 3061 plebis
845 2989 891 3040 Fr.
916 2986 971 3054 86.]
999 2989 1127 3038 Arusian.
1151 3005 1178 3053 p.
1207 2988 1266 3040 235.
1292 2989 1374 3040 Lind.

207 3075 378 3127 dicacissime
390 3072 427 3138 (v.
440 3074 476 3124 ad
485 3075 531 3124 Fr.
540 3075 579 3138 11,
597 3073 663 3138 453,
680 3074 767 3125 Scrib.
811 3067 886 3118 Serv.
907 3067 942 3116 ad
960 3067 1038 3132 Virg.
1058 3068 1126 3118 Aen.
1146 3068 1195 3131 IX,
1216 3069 1276 3119 229.

206 3154 364 3215 Curionem,
393 3153 457 3201 anni
475 3154 517 3204 76.
537 3169 561 3203 a.
587 3152 650 3202 Chr.
674 3167 770 3202 consu·
844 3154 894 3205 Fr.
915 3148 969 3216 87.]
994 3151 1064 3202 Non.
1086 3151 1164 3214 XIII,
1188 3152 1214 3204 6.
1243 3157 1270 3202 et
1293 3154 1320 3204 7.
1344 3169 1374 3216 p.

204 3231 271 3292 lem,
290 3230 402 3294 eiusque
411 3227 543 3293 collegam
553 3228 602 3279 Cn.
614 3230 767 3293 Octavium,
810 3230 870 3291 534,
883 3225 925 3280 17.
943 3233 969 3278 et
983 3231 1026 3279 25.
1040 3231 1123 3278 Merc.
1142 3229 1233 3280 Verba
1245 3233 1374 3295 spectant

206 3305 320 3373 pedibus
341 3311 451 3372 captum
475 3303 523 3368 (cl.
544 3305 601 3356 Cic.
619 3307 697 3358 Brut.
723 3308 767 3373 60,
810 3307 846 3358 ad
863 3322 981 3357 roseum
1000 3306 1097 3370 piratis
1114 3311 1216 3372 gestas.

206 3385 289 3450 alt),
306 3384 468 3434 lacessente·
844 3392 888 3442 Fr.
909 3391 965 3458 88.]
989 3393 1061 3444 Non.
1081 3393 1120 3451 ΙΙ,
1139 3391 1200 3443 527.
1223 3408 1249 3456 p.
1269 3392 1327 3457 137,
1346 3393 1373 3445 9.

241 3463 288 3513 Fr·
307 3459 363 3526 83·]
387 3460 519 3512 Priscian·
543 3463 591 3524 VI,
618 3464 660 3526 12,
678 3465 720 3516 64.
739 3482 767 3530 p.
811 3471 897 3520 Merc.
925 3472 966 3520 De
979 3472 1101 3520 Romano
1120 3470 1240 3520 exercitu
1258 3470 1325 3521 haec
1336 3471 1375 3520 di-

207 3540 334 3592 261·K1·
369 3539 468 3606 Agitur
490 3539 523 3590 (Ῑθ
544 3540 700 3592 turbuleniO
719 3543 769 3592 all·
811 3554 924 3612 cuntur,
947 3548 1041 3614 procul
1063 3564 1079 3598 a
1100 3548 1191 3614 patria
1209 3549 1238 3597 in
1256 3551 1373 3598 maximo

207 3635 260 3684 quo
284 3616 393 3667 tribuno
417 3617 517 3682 plebis,
544 3617 679 3670 violentas
705 3635 768 3670 eeu·
811 3625 931 3692 periculo
955 3629 983 3674 et
1003 3626 1097 3675 mortis
1117 3627 1213 3676 timere
1234 3631 1372 3677 versante.

206 3699 294 3749 tiones
312 3694 412 3745 habere
427 3695 517 3747 solite.
541 3697 672 3748 Fortasse
689 3697 768 3748 intel·
811 3729 846 3742 -
864 3703 989 3752 Extrema
1012 3706 1094 3753 masaia
1112 3703 1290 3769 intelligenda
1311 3709 1375 3754 sunt

206 3776 332 3843 figendus
347 3774 437 3825 Licin·
453 3775 554 3824 Macer·
657 3841 660 3848 ¹
811 3783 844 3832 de
862 3789 1011 3832 testamento*
1025 3783 1142 3846 militari,
1166 3798 1181 3832 a
1200 3783 1329 3832 militibus
1345 3783 1375 3832 in

241 3863 287 3912 Fr.
301 3859 356 3926 84]
375 3860 503 3912 Arusian.
521 3875 547 3924 p.
564 3857 624 3911 232.
643 3851 723 3910 Lina.
734 3893 769 3902 -
811 3875 915 3911 summo
931 3873 1021 3908 rerum
1039 3859 1196 3910 discrimine
1212 3876 1244 3910 ac
1263 3861 1309 3910 vix
1327 3860 1374 3910 du-

207 3942 322 3992 Gratiam
337 3939 429 4007 faeere
451 3939 615 3987 alieuiusrei
633 3939 770 4003 significat
811 3938 858 3988 bia
873 3939 973 3992 ,morte
1001 3936 1158 3987 imminente
1188 3936 1248 3988 ficri
1280 3937 1372 4000 solite,

207 4022 303 4072 veniam
325 4018 390 4066 dare
405 4017 463 4067 sive
486 4020 628 4082 torrescere,-
652 4019 688 4068 cf.
707 4019 767 4069 Cat.
813 4015 913 4065 omisso
935 4017 1159 4064 testamentorum
1178 4016 1234 4066 ritu
1257 4015 1373 4066 solenni.

207 4099 250 4160 52,
269 4096 294 4146 8.
318 4121 353 4130 -
373 4095 427 4144 Rea
446 4095 507 4158 ipsa
522 4095 625 4144 'effecta
650 4100 693 4145 est
715 4100 769 4162 repe
811 4115 847 4130 a-
863 4091 959 4156 Sequi
982 4093 1064 4141 mania
1083 4096 1125 4142 est
1142 4109 1171 4142 ee
1188 4095 1252 4142 dare
1271 4094 1307 4143 ed
1322 4109 1374 4142 mu-

207 4175 312 4224 Plautia
329 4172 387 4220 sive
406 4171 505 4234 Plotio,
525 4187 606 4237 quam
623 4173 725 4223 Caesar
743 4190 767 4224 a.
812 4175 854 4222 nie
872 4171 1002 4232 obeunda;
1021 4171 1056 4222 cl.
1073 4171 1146 4222 Hist.
1166 4173 1212 4222 Fr.
1224 4171 1258 4235 V,
1276 4173 1302 4223 8.
1322 4174 1376 4223 Te-

209 4251 253 4301 77.
273 4265 298 4298 a.
319 4247 381 4297 Chr.
408 4265 436 4299 n.
460 4250 559 4310 suasit,
584 4251 619 4301 cf.
642 4251 718 4302 Suet.
744 4267 767 4301 e.
812 4253 882 4302 rent.
902 4248 955 4300 Ad.
973 4249 1012 4307 ΙΙ,
1032 4252 1057 4312 2,
1077 4249 1121 4302 40.

210 4329 235 4378 5.
253 4325 321 4376 Gell.
338 4326 417 4388 XIII,
435 4326 460 4388 3,
480 4327 506 4376 5.
844 4330 890 4378 Fr.
907 4326 961 4392 aa]
977 4326 1048 4378 Non.
1061 4327 1109 4391 IV,
1128 4326 1189 4379 218.
1207 4341 1233 4392 p.
1249 4325 1309 4390 314,
1329 4327 1373 4380 23.
