3028 4852
174 297 214 356 22
529 307 803 357 00000000000.
848 310 924 358 cnr.
948 311 984 358 11.

175 482 244 525 cura
267 463 380 542 singula
403 463 605 542 conquireret,
635 483 709 544 quae
732 466 830 544 aliquo
851 467 920 528 1000
950 479 997 529 001
1023 478 1157 550 tempore
1186 471 1213 530 in
1243 472 1342 532 coniu-

175 575 287 635 ratione
309 575 386 635 iacta
406 583 521 650 essent,
545 575 597 634 scd
619 576 751 655 prudenti
773 577 895 636 consilio
918 597 953 638 ea
974 580 1210 659 comprehendit,
1235 581 1343 661 quibus

175 700 283 745 summa
313 705 409 746 rerum
440 690 618 765 continetur,
656 704 790 764 quaeque
819 689 943 749 vividam
980 709 1015 750 ac
1050 709 1148 751 veram
1178 701 1343 772 temporum

175 791 329 868 imaginem
352 798 515 858 conficiunt.
560 799 599 860 Ut
620 797 707 875 igitur
728 797 830 875 multa,
852 819 928 878 qnae
950 799 1081 879 pluribus
1099 801 1237 861 illustrari
1258 813 1341 882 pote·

175 909 251 978 rant,
270 898 450 982 paucissimis
466 910 566 971 verbis
583 911 740 988 significat,
761 908 831 988 alia,
852 929 926 990 quae
946 911 1022 990 apud
1039 909 1227 989 Ciceronem,
1246 913 1341 975 Asco-

174 1011 265 1088 ninm,
292 983 490 1096 Plutarchum,
515 1020 638 1082 Dionem
661 1022 792 1083 Cassium
815 1021 968 1100 leguntur,
997 1023 1062 1100 quia
1086 1023 1183 1098 exigui
1207 1025 1353 1085 momenti·

174 1121 361 1204 videbantur,
389 1127 476 1206 plane
500 1131 611 1210 omisit,
645 1134 683 1192 ita
705 1134 790 1192 ctiam
810 1133 837 1190 in
861 1132 961 1192 ordine
986 1132 1095 1193 dierum
1120 1141 1207 1210 atque
1230 1143 1343 1213 tempo·

174 1250 251 1309 rum,
282 1234 384 1313 quibus
407 1237 535 1317 quidque
558 1250 653 1301 actum
677 1251 739 1319 001,
770 1223 972 1303 constituendo
996 1251 1025 1300 et
1050 1242 1191 1303 tradendo
1214 1263 1271 1304 non
1294 1246 1342 1306 ad-

175 1342 289 1402 modum
309 1347 410 1406 anxius
432 1348 501 1423 luit,
529 1351 557 1409 in
579 1351 783 1430 nonnullisque
805 1353 909 1412 iustum
937 1343 1033 1412 rerum
1056 1369 1263 1431 progressum,
1292 1355 1342 1414 ali-

175 1450 250 1511 unde
278 1453 363 1515 uobis
388 1456 551 1537 cognitum,
582 1478 640 1521 non
671 1471 807 1521 accurate
839 1461 1016 1523 observavit.
1062 1465 1147 1539 Quod
1170 1482 1343 1543 quamquam

173 1560 202 1618 in
229 1560 328 1641 aliquo
357 1565 425 1625 vitio
455 1579 499 1628 001
532 1569 711 1650 ponendum,
751 1581 846 1632 tamen
880 1575 938 1632 hon
969 1573 1087 1651 gravius
1122 1573 1214 1634 videri
1245 1574 1343 1654 dehet,

176 1687 259 1748 quam
288 1681 349 1749 est,
387 1693 481 1754 neque
509 1679 662 1740 Sallustius
691 1700 762 1761 prae
798 1683 905 1742 ceteris
937 1684 1136 1760 negligentiae
1164 1685 1343 1764 arguendus,

175 1788 221 1839 aut
243 1783 371 1861 suspicio
395 1789 555 1868 movenda,
584 1789 768 1852 librariorum
791 1791 876 1871 culpa
906 1763 1014 1870 aliqbid
1042 1795 1070 1852 in
1094 1794 1245 1855 codicibus
1273 1815 1342 1856 esse

174 1889 325 1952 turbatum.
371 1892 493 1961 Omnino
523 1901 597 1960 eninr
620 1910 738 1962 veteres
765 1904 793 1962 in
823 1903 1004 1981 temporibus
1033 1905 1167 1966 notandis
1193 1905 1342 1984 aliquanto

175 1999 386 2062 incuriosiores
407 2005 521 2069 luerunt
543 2029 627 2089 quam
650 2013 741 2071 nostri
763 2013 909 2090 homines,
937 2013 985 2092 qui
1006 2015 1182 2093 pervulgato
1206 2016 1341 2078 calenda·

176 2111 283 2172 riorum
306 2123 393 2192 atquc
416 2116 640 2196 horologiorum
662 2139 714 2179 usu
738 2124 831 2183 omnia
853 2124 959 2182 minute
982 2126 1090 2203 metiri,
1115 2128 1290 2205 consignare
1313 2137 1343 2188 01

175 2219 349 2280 describere'
369 2224 447 2283 soliti
466 2226 496 2285 in
517 2228 608 2288 rebus
626 2229 720 2306 gestis
742 2232 777 2292 ad
800 2232 932 2310 singulos
954 2232 1017 2294 dics
1039 2245 1125 2314 atque
1147 2238 1235 2299 horas
1254 2257 1340 2299 revo-

175 2327 274 2386 candis
302 2329 443 2392 interdum
472 2337 564 2414 magis
595 2338 712 2399 solliciti
739 2351 818 2419 0001,
856 2359 939 2420 quam
973 2348 1002 2403 iu
1030 2355 1113 2406 recte
1145 2347 1339 2408 aestimandis.

174 2435 420 2510 Quemadmodum
442 2444 528 2522 igitur
546 2449 672 2529 Caesar,
701 2461 731 2512 nt
752 2470 808 2512 uno
836 2452 972 2532 exemplo
994 2454 1152 2534 defungar,
1181 2459 1210 2516 in
1233 2459 1340 2517 ceteris

175 2549 426 2629 accuratissimus,
460 2541 592 2638 tempora
621 2569 715 2622 tamen
741 2581 838 2622 rerum
865 2581 979 2623 suarum
1005 2565 1034 2623 in
1064 2568 1277 2626 commentariis
1303 2566 1340 2627 de

174 2653 255 2716 bello
282 2659 391 2735 gallico
417 2673 446 2722 et
473 2667 551 2727 civili
575 2668 669 2746 obiter
693 2680 799 2733 tantum
828 2683 857 2732 et
890 2673 976 2734 valde
1004 2675 1151 2737 indefinite
1181 2687 1277 2756 notat,
1312 2688 1341 2738 ut

172 2764 248 2825 haud
266 2787 333 2830 raro
354 2769 410 2831 hoc
432 2778 546 2836 nominc
566 2778 704 2859 haereas,
725 2782 764 2842 ita
779 2782 931 2844 Sallustius
951 2803 1068 2864 quoque
1087 2805 1224 2847 summam
1243 2806 1339 2848 rerum

176 2892 239 2934 cum
263 2895 332 2938 cura
355 2894 527 2959 persecutus
549 2887 577 2947 in
607 2891 728 2968 singulis
755 2892 804 2952 vel
830 2893 864 2953 ab
893 2913 995 2955 errore
1021 2896 1068 2955 vel
1094 2896 1131 2956 ab
1159 2897 1339 2975 negligentia

173 2983 228 3044 sibi
248 3005 306 3048 non
328 2989 415 3069 plane
439 2997 525 3057 cavit.

256 3099 326 3160 'lum
347 3104 423 3182 quod
446 3116 524 3185 sunt,
556 3112 604 3189 qui
631 3129 695 3170 eum
720 3122 843 3189 arguunt
871 3112 977 3173 invidia
1001 3123 1088 3194 atque
1116 3117 1184 3178 odio
1213 3135 1339 3180 commo·

171 3216 230 3266 tum
251 3211 344 3270 minus
367 3210 562 3296 Ciceronem,
592 3225 675 3298 quam
698 3240 752 3300 pro
775 3221 838 3280 eius
857 3222 984 3300 meritis,
1014 3226 1199 3305 celebrasse,
1230 3238 1259 3289 et
1279 3248 1338 3290 ma·

172 3315 302 3393 lignitate
324 3321 410 3381 multa
432 3326 602 3406 reticuisse,
627 3347 700 3407 quae
722 3330 758 3390 ad
780 3349 843 3389 eum
870 3334 1026 3394 ornandum
1050 3338 1245 3415 pertinerent,
1268 3338 1339 3398 nihil

171 3424 230 3485 hoc
252 3426 358 3489 iudicio
378 3431 568 3496 inconsultius
587 3457 654 3498 esse
676 3447 783 3519 potest.
828 3439 900 3501 Nam
927 3459 1012 3521 quum
1040 3446 1141 3507 volunt
1164 3447 1338 3508 Ciceronem
1402 3449 1406 3456 '

171 3534 256 3594 tantis
280 3535 411 3600 laudibus
437 3541 535 3604 cllerri
558 3545 709 3626 debuisse,
738 3560 859 3628 quantas
883 3555 999 3632 etipse
1024 3554 1077 3615 sibi
1104 3556 1216 3634 tribuit,
1249 3566 1277 3616 01
1299 3555 1335 3616 ab

171 3644 302 3706 omnibus
320 3648 367 3708 vel
389 3657 572 3731 exspectavit
592 3658 639 3717 vel
660 3659 832 3738 postulavit,
855 3663 991 3741 proiecto
1010 3664 1135 3728 indicant
1154 3687 1186 3728 se
1207 3670 1335 3746 nescire,

171 3754 240 3833 quid
263 3756 299 3816 sit
321 3757 469 3822 historiam
492 3764 634 3826 scribere.
679 3770 717 3831 Ut
740 3772 840 3850 paucis
861 3772 969 3850 dicam,
1005 3773 1115 3836 Cicero
1135 3795 1189 3856 pro
1213 3778 1335 3840 incredi-

169 3863 218 3925 bili
238 3865 363 3928 vanitate
383 3887 433 3931 sua
454 3881 482 3932 01
500 3874 614 3952 gloriae
635 3879 768 3959 cupidine
790 3883 1017 3945 coniurationem
1035 3885 1230 3949 Catilinariam
1251 3891 1335 3951 unice

170 3973 205 4036 ad
222 3993 383 4068 personam
403 3998 482 4042 suam
508 3985 621 4064 retulit,
650 3987 710 4049 fato
736 3989 830 4052 datam
854 3996 1100 4073 opportunitatem
1121 4000 1250 4077 putavit,
1279 4018 1335 4084 qua

167 4086 233 4163 ipse
258 4085 425 4150 clarescere
448 4103 565 4173 posset,
591 4113 625 4155 ea
648 4097 763 4159 detecta
786 4110 815 4160 01
840 4118 986 4182 oppressa
1008 4115 1113 4167 tantum
1141 4126 1221 4168 suum
1250 4110 1334 4169 meri·

168 4203 226 4255 tum
247 4194 349 4258 haberi
371 4200 475 4279 voluit,
504 4213 533 4264 ut
557 4223 641 4268 nemo
665 4225 760 4289 neque
780 4210 909 4288 priorum
932 4232 1028 4293 neque
1049 4217 1212 4296 aequalium
1234 4237 1267 4278 00
1287 4237 1333 4279 00·

167 4313 285 4383 quaret;
316 4307 482 4389 Sallustius,
512 4332 585 4393 quac
615 4336 723 4380 summa
751 4321 815 4380 eius
842 4321 934 4382 virtus
963 4333 1022 4403 001,
1052 4327 1188 4406 personis
1219 4328 1334 4388 omissis
1411 4329 1415 4334 ’
