3028 4852
355 301 404 349 nn
427 301 609 350 sunnusrn
634 303 733 370 vrrs,
760 304 907 354 rnosuuo
928 304 972 354 ao
994 305 1159 354 montana.
1324 293 1343 354 3

175 457 260 519 Serv.
283 457 318 518 ad
337 459 421 536 Virg.
443 459 519 520 Aen.
543 458 601 536 Vl,
626 459 699 520 ota.
743 459 987 522 Adversariorum
1013 461 1133 524 lactioni
1157 461 1265 524 cedere
1295 479 1343 524 co·

175 577 256 628 actus
276 570 303 628 in
321 567 442 630 Galliam
465 569 501 630 ad
520 567 693 648 Caesarem,
716 573 744 632 in
763 589 837 652 quo,
868 581 897 632 ut
915 573 980 650 ipse
1005 574 1044 634 ait
1062 571 1126 634 Cat.
1142 575 1200 650 54,
1223 575 1270 650 3.,
1294 575 1343 634 mi·

167 680 251 738 seris
273 688 335 738 erat
362 653 543 758 perfugium,
567 699 600 740 se
625 681 762 758 contulit,
784 683 871 760 eique
894 682 966 760 ilde,
988 683 1088 744 oilicio
1107 685 1274 765 ingeniique
1297 702 1344 744 so-

111 829 128 852 .
175 788 258 850 lertia
282 790 320 849 ita
344 787 485 868 probatus
508 798 569 867 est,
596 799 642 866 ut,
673 789 753 852 bello
781 792 858 853 civili
879 810 937 852 non
962 794 1050 854 multo
1075 803 1142 873 post
1164 804 1287 872 exorto,
1317 797 1344 856 in

174 897 271 958 multis
293 898 343 959 ille
367 919 459 980 opera
492 901 556 961 eius
578 909 722 978 uteretur,
753 919 877 982 eumque
903 903 1063 964 honoribus
1086 914 1115 964 et
1134 907 1229 983 gratia
1251 906 1344 966 extol·

175 1008 261 1070 leret.
310 1009 397 1071 Anno
424 1013 500 1074 enim
530 1013 583 1076 49.
613 1029 640 1072 ι.
666 1011 735 1074 Chr.
759 1029 786 1069 n.
811 1013 900 1092 (705.
932 1033 959 1073 u.
990 1014 1034 1092 c.)
1070 1013 1172 1076 iterum
1206 1026 1346 1094 quaestor

174 1118 269 1180 lactus
305 1129 334 1180 et
365 1121 393 1181 in
429 1132 559 1184 senatum
591 1123 742 1184 restitutus
783 1123 838 1202 (ci.
864 1123 1068 1186 Pseudo-Cic.
1098 1125 1220 1187 declam.
1253 1147 1279 1188 c.
1314 1129 1344 1190 6.

175 1239 204 1289 et
225 1230 272 1310 8.)
299 1231 411 1292 Romae
440 1233 618 1294 remansisse
641 1233 771 1309 uidetur,
802 1233 867 1293 dum
897 1233 1008 1296 Caesar
1029 1236 1057 1296 in
1076 1234 1215 1316 llispnnia
1244 1247 1345 1298 contra

175 1340 307 1420 Pompeii
336 1341 454 1418 legatos
479 1341 631 1404 Afranium
663 1352 692 1404 et
713 1343 859 1404 Petreium
890 1343 996 1406 bellum
1023 1347 1111 1424 gerit.
1162 1347 1248 1408 Anno
1278 1357 1345 1427 post

176 1452 244 1529 (48.
273 1471 300 1512 ι.
326 1450 412 1528 Cho,
439 1453 511 1516 706.
539 1475 566 1514 ιι.
589 1455 648 1533 c),
677 1463 811 1532 quantum
840 1455 988 1516 coniicere
1017 1454 1103 1534 licet,
1133 1455 1290 1520 Caesarem
1316 1461 1344 1519 in

179 1561 299 1640 Epirum
326 1570 443 1622 secutus
471 1572 531 1642 ιιι,
563 1564 692 1626 fortasse
720 1563 810 1641 legati
837 1582 955 1626 munere
986 1566 1110 1627 iunctus.
1162 1567 1250 1630 Certe
1278 1579 1346 1649 post

180 1689 305 1752 pugnam
324 1671 536 1750 Pharsalicam,
560 1692 646 1753 quum
668 1674 810 1752 reliquiae
833 1674 1002 1753 Pompeiani
1025 1678 1172 1738 exercitus
1195 1699 1233 1740 ex
1255 1679 1345 1742 'l'lues-

178 1781 249 1842 salia
270 1781 297 1841 in
312 1780 459 1858 lllyrioum
479 1802 512 1843 se
529 1787 730 1865 recepissent,
751 1784 862 1863 legioni
879 1783 916 1844 ibi
933 1787 1058 1865 praefuit
1073 1788 1176 1867 (Oros.
1193 1789 1245 1866 Vl,
1264 1791 1345 1869 15.);

177 1891 230 1954 sed
253 1891 389 1955 Caesaris
418 1894 530 1973 copiis,
559 1893 664 1974 quibus
690 1895 726 1970 Q.
754 1892 928 1954 (loruiilcius
955 1906 1094 1974 quaestor
1123 1917 1176 1978 pro
1207 1910 1345 1979 praetore

177 2013 331 2082 praeerat,
359 2021 374 2064 a
394 2002 432 2062 Μ.
454 2003 576 2065 Octavio
603 2013 632 2064 et
652 2003 684 2064 L.
707 2003 862 2065 Scribonio
886 2005 997 2066 Libone
1025 2007 1110 2068 valde
1135 2011 1263 2088 pressis,
1295 2011 1345 2071 ali·

178 2115 293 2191 quoties
316 2113 391 2175 male
413 2115 568 2194 pugnavit,
591 2115 686 2176 donec
708 2116 815 2176 Vatinii
839 2115 964 2176 aduentu
986 2115 1124 2178 Octavius
1146 2119 1240 2180 uictus
1263 2120 1345 2198 luga·

177 2235 282 2303 tueque
304 2233 360 2284 eat.
403 2223 485 2287 Haec
501 2233 566 2286 acto
586 2236 651 2287 sunt
673 2227 785 2303 hieme,
808 2244 883 2306 quae
906 2227 982 2288 iuter
1003 2245 1105 2288 annum
1127 2229 1167 2292 48
1187 2239 1216 2290 ιι
1238 2229 1278 2291 47
1302 2232 1344 2290 in·

176 2334 327 2411 tercessit‚
356 2342 388 2393 ut
413 2343 492 2413 potet
519 2353 557 2394 ex
583 2335 669 2397 Anat.
693 2335 725 2395 Β.
748 2335 835 2396 Alex.
866 2355 891 2396 c.
917 2337 1065 2400 43-46.
1108 2337 1248 2401 Extremo
1270 2357 1346 2402 anno

177 2447 227 2506 47.
251 2463 277 2504 a.
301 2442 370 2506 Chr.
389 2462 417 2504 n.
441 2446 529 2524 (707.
552 2466 581 2506 u.
602 2447 645 2524 c.)
669 2456 789 2525 praetor
809 2445 979 2524 designatus
1002 2448 1029 2506 in
1052 2449 1242 2529 exsequendo
1262 2451 1347 2528 graui

178 2564 207 2615 et
234 2553 385 2616 admodum
415 2555 584 2632 periculoso
612 2555 752 2634 negotio,
788 2555 866 2636 quod
889 2554 1000 2618 Caesar
1028 2558 1055 2616 ei
1083 2557 1216 2638 dederat,
1246 2579 1346 2640 parum

180 2681 325 2745 prospero
350 2631 578 2726 succensuimus
606 2675 661 2726 est.
706 2664 831 2727 Vixdum
860 2667 935 2726 enim
957 2684 1058 2728 mense
1081 2668 1202 2730 Octobri
1223 2689 1346 2732 reverso

179 2793 217 2834 ex
237 2774 318 2836 hello
340 2775 541 2838 Alexandrino
566 2775 711 2853 Caesare,
740 2793 824 2854 quum
848 2776 969 2838 instaret
990 2776 1158 2839 Africanum
1180 2798 1303 2858 nouum,
1331 2801 1347 2841 a

178 2883 248 2944 luha
267 2902 340 2962 rege
364 2894 393 2946 et
416 2887 557 2965 Scipione
579 2894 608 2945 et
628 2886 666 2947 ιιι.
688 2884 800 2946 Catone
823 2895 947 2963 motum,
981 2887 1059 2966 quod
1082 2898 1205 2967 propter
1227 2909 1347 2968 magnas

178 2995 414 3057 adversariorum
438 2997 540 3076 copias
565 2994 640 3055 haud
662 2995 840 3056 mediocrem
866 3006 1036 3075 apparatum
1064 2997 1220 3078 poscebat,
1252 3000 1346 3079 legio·

178 3124 231 3164 nes
255 3105 283 3164 in
306 3104 465 3183 Campania
489 3103 661 3164 seditionem
690 3114 864 3183 coeptantes
892 3106 919 3165 in
938 3105 1068 3168 Africam
1095 3107 1138 3166 ire
1162 3108 1347 3188 recusabant,

177 3216 233 3276 nisi
255 3223 339 3276 antea
362 3214 417 3276 silui
439 3214 563 3294 pecunia
586 3214 743 3294 aliquoties
772 3233 787 3276 a
807 3213 936 3277 Caesare
958 3217 1103 3297 promissa
1131 3218 1226 3279 soluta
1256 3231 1346 3282 esset.

178 3323 286 3386 Missus
308 3334 353 3386 est
375 3343 390 3386 a
415 3325 557 3388 dictatore
580 3324 749 3402 Sallustius,
780 3325 829 3403 qui
851 3309 937 3386 novis
960 3327 1112 3406 promissis
1140 3327 1274 3407 legiones
1298 3331 1346 3391 de·

178 3435 275 3496 liniret
304 3443 333 3494 et
359 3433 395 3496 ad
423 3436 551 3498 officium
574 3435 743 3503 reduceret;
774 3434 827 3495 sed
855 3444 932 3498 tauta
960 3437 1079 3499 militum
1106 3438 1219 3501 lerocia
1248 3450 1277 3500 et
1305 3442 1347 3500 ira

179 3544 248 3622 luit,
275 3554 305 3606 ut
327 3545 426 3624 parium
446 3546 582 3623 abesset,
609 3547 678 3625 quin
700 3543 736 3604 ab
758 3545 816 3606 illis
841 3545 1056 3608 interimeretur
1084 3547 1139 3627 (ci.
1162 3548 1290 3628 Appiam
1313 3549 1346 3609 Β.

180 3653 213 3715 C.
241 3654 283 3732 ll,
309 3655 359 3717 92.
387 3657 444 3718 Dio
474 3656 558 3719 Cass.
586 3655 682 3732 XLll,
710 3655 789 3733 52.)
841 3656 962 3718 lnlectis
994 3655 1083 3718 rebus
1113 3676 1199 3736 quum
1226 3660 1347 3720 Romam

180 3763 332 3844 rediisset,
362 3770 455 3846 primo
480 3766 595 3848 quidem
618 3764 728 3828 Caesar
756 3767 880 3844 iniquius
911 3767 1013 3829 tulisse
1037 3768 1169 3846 videtur,
1197 3768 1274 3848 quod
1298 3785 1347 3847 pra·

180 3893 242 3936 rum
270 3877 484 3956 exspectationi
512 3895 582 3938 suae
609 3876 817 3956 responderat;
852 3877 906 3938 sed
929 3894 1015 3954 mox,
1050 3895 1083 3938 re
1111 3880 1273 3939 accuratius
1299 3894 1347 3937 co-

180 3986 277 4064 gnita,
307 4004 365 4047 non
395 3988 490 4048 solum
517 3987 544 4048 ei
573 3987 702 4064 ignovit,
731 3985 893 4047 sedetiam
919 3987 1056 4066 legiones
1084 3989 1112 4047 in
1138 3987 1265 4048 Siciliam
1292 3996 1347 4049 tra·

181 4095 290 4156 ducere
315 4095 397 4158 iussit
426 4097 504 4180 (Cio.
535 4098 613 4178 Epp.
642 4099 678 4161 ad
705 4100 793 4160 Attio.
821 4097 878 4176 Xl,
905 4097 1047 4188 noun).
1100 4097 1200 4158 Statim
1229 4105 1296 4175 post
1321 4096 1348 4155 ei

97 4271 106 4286 ‚
180 4205 335 4284 imperavit
357 4226 420 4268 cum
444 4219 525 4288 parte
546 4212 660 4270 navium
680 4207 832 4270 Cercinam
852 4207 988 4284 insulam,
1018 4225 1102 4286 quam
1125 4206 1285 4267 adversarii
1307 4215 1348 4265 te·

181 4314 303 4392 nebant,
334 4333 500 4396 occupare,
531 4316 671 4396 quodibi
697 4335 819 4395 magnus
843 4317 976 4377 irumeuti
997 4335 1132 4377 numerus
1155 4325 1217 4376 erat
1246 4315 1349 4396 (Auct.

1099 4428 1110 4486 1
1127 4425 1143 4462 tit
