3070 4852
228 317 287 378 168
630 321 660 369 0.
685 320 991 370 11100111011111

226 483 335 546 delicto
358 480 456 541 fratris
476 478 609 540 invidiam
632 498 666 540 ac
688 479 793 540 deinde
814 477 974 556 periculum
995 479 1099 538 timens
1121 485 1254 536 senatum
1283 477 1325 537 de
1355 479 1424 538 ioe-

226 592 298 653 dere
322 589 507 667 consulebat,
535 601 564 650 et
586 600 681 650 tamen
703 590 816 650 interim
839 588 981 648 exercitui
1000 588 1233 667 supplementum
1255 588 1422 664 scribere,

228 702 265 764 ab
286 701 376 762 sociis
399 709 428 760 et
448 703 562 760 nomine
585 701 684 760 Latino
707 699 814 760 auxilie
837 717 1006 775 arcessere,
1034 699 1158 778 denique
1182 698 1327 758 omnibus
1353 717 1421 758 mo-

228 813 272 872 dis
293 811 442 872 destinare.
487 812 610 870 Senatus
633 811 686 887 ita,
710 811 749 869 uti
772 826 825 887 par
847 809 957 884 iuerat,
981 808 1129 886 decernit,
1161 826 1213 869 suo
1238 819 1337 888 atque
1363 823 1442 888 poe

160 938 175 955 ⁸
229 922 289 1002 puli
311 923 420 982 iniussu
439 921 545 981 nullum
569 921 698 1000 potuisse
717 901 821 980 loedus
842 919 916 978 lieri.
961 917 1070 978 Consul
1093 919 1247 998 impeditus
1274 940 1294 980 a
1320 920 1443 979 tribu-t

228 1035 273 1093 nis
308 1031 420 1111 plebis,
454 1051 509 1108 ne,
543 1050 615 1110 quas
643 1038 799 1110 paraverat
832 1031 949 1108 copias,
983 1047 1081 1108 secum
1112 1039 1257 1108 portaret,
1303 1031 1417 1109 paucis

228 1141 330 1204 diebus
356 1143 383 1201 in
404 1141 534 1202 Africam
556 1141 767 1221 proficiscitur;
795 1157 859 1199 nam
881 1140 974 1198 omnis
996 1141 1159 1216 exereitus,
1186 1142 1225 1199 uti
1250 1157 1415 1201 convene·

228 1261 288 1329 rat,
316 1250 447 1312 Numidia
467 1241 620 1327 deductus,
650 1253 678 1310 in
701 1252 851 1330 provincia
871 1249 1025 1312 hiemabat.
1068 1249 1224 1329 Postquam
1248 1267 1287 1309 eo
1316 1252 1440 1327 venite

229 1380 400 1441 quamquam
421 1363 560 1440 persequi
576 1360 742 1438 Iugurtham
761 1370 790 1420 et
809 1361 919 1420 mederi
935 1360 1082 1422 fraternae
1097 1361 1222 1420 invidiae
1241 1362 1345 1420 animo
1364 1379 1412 1419 ar·

229 1469 334 1546 debat,
353 1471 479 1546 cognitis
493 1469 644 1547 militibus,
662 1487 737 1549 quos
750 1478 868 1550 praeter
881 1471 993 1552 sugam,
1012 1470 1109 1530 soluto
1122 1471 1263 1550 imperio,
1282 1470 1414 1529 licentia

230 1587 316 1657 atque
338 1579 457 1640 lascivia
475 1591 662 1660 corruperat,
683 1601 720 1640 ex
741 1581 827 1660 copia
843 1597 939 1640 rerum
955 1581 1051 1640 statuit
1069 1580 1123 1640 sibi
1139 1580 1208 1640 nihil
1223 1579 1412 1656 agitandum.

315 1689 375 1749 XL.
425 1690 540 1752 interim
569 1692 680 1752 Romae
709 1691 741 1769 G,
771 1689 912 1752 Mamilius
944 1689 1107 1750 Limetanus
1136 1690 1268 1750 tribunus
1307 1689 1413 1769 plebis

229 1800 412 1876 rogationem
437 1801 472 1861 ad
494 1802 633 1881 populum
655 1801 835 1881 promulgat,
857 1803 895 1860 uti
920 1809 1110 1879 quaereretur
1132 1803 1160 1860 in
1183 1817 1250 1876 eos,
1279 1818 1412 1879 quorum

231 1910 355 1970 consilio
378 1910 515 1989 iugurtha
536 1914 627 1972 senati
649 1913 767 1972 decreta
789 1911 985 1988 neglegisset,
1016 1913 1124 1994 quique
1146 1911 1182 1971 ab
1204 1929 1241 1970 eo
1267 1911 1296 1970 in
1322 1911 1411 1988 iega-

229 2019 355 2079 tionibus
384 2031 431 2082 aut
459 2024 588 2102 imperiis
614 2023 754 2102 pecunias
781 2021 980 2099 accepissent,
1015 2023 1062 2100 qui
1089 2020 1264 2101 elephantos
1291 2023 1411 2101 quique

230 2210 322 2254 essent
339 2208 440 2268 creati,
464 2208 593 2279 Albinus,
615 2210 710 2260 consul
728 2207 792 2259 anni
835 2222 860 2257 a.
874 2205 937 2257 Chr.
949 2215 987 2270 n'.,
1001 2212 1032 2258 ut
1043 2212 1121 2272 patet
1134 2225 1167 2259 ex
1179 2225 1220 2274 eo,
1238 2209 1313 2274 quod
1326 2225 1411 2274 prae-

183 2335 186 2339 ,
232 2281 307 2343 110.,
335 2284 525 2347 magistratum
551 2289 678 2348 retinuit,
707 2287 792 2336 donec
834 2289 875 2335 ter
894 2290 999 2335 ceteros
1024 2285 1107 2335 etiam
1127 2287 1155 2335 in
1171 2287 1277 2348 Aulum,
1299 2288 1409 2353 quippe

230 2372 317 2408 novus
328 2359 422 2408 consul
434 2363 605 2423 succederet;
624 2365 660 2415 cf.
673 2381 698 2416 c.
712 2367 754 2426 44,
765 2367 791 2413 4.
835 2361 880 2426 qui
898 2366 962 2426 post
980 2361 1084 2412 cladem
1102 2363 1179 2414 bieme
1198 2362 1338 2414 81141109.
1362 2382 1409 2416 ac-

266 2436 291 2485 2.
311 2434 343 2482 ab
363 2439 584 2490 100110011011100
603 2440 706 2508 Latino]
726 2439 796 2491 Socii
835 2443 943 2503 ceptam
974 2438 1021 2504 (cf.
1049 2456 1073 2490 c.
1099 2439 1142 2504 37,
1167 2440 1205 2506 3.)
1233 2456 1295 2491 cum
1322 2443 1410 2496 hoste
1486 2420 1487 2472 l

230 2510 278 2560 ubi
296 2526 312 2559 a
327 2514 421 2561 nemine
434 2513 527 2564 Latino
542 2516 731 2569 discernuntur
744 2516 791 2581 (01.
835 2517 977 2582 pactiones
995 2518 1107 2568 iecisset
1125 2517 1161 2584 (c.
1176 2520 1218 2583 38,
1233 2520 1298 2586 10.),
1318 2539 1409 2588 quae-

231 2604 256 2638 c.
276 2588 319 2649 40,
333 2589 358 2638 2.
377 2591 419 2653 42,
441 2591 465 2643 1.
483 2591 526 2656 43,
541 2597 567 2645 4.
585 2597 628 2659 84,
643 2600 669 2649 2.
688 2597 793 2663 95,1.),
836 2595 889 2646 etio
908 2593 1048 2659 postulate
1067 2600 1118 2647 est.

231 2670 295 2716 sunt
313 2666 400 2717 Italici
403 2688 414 2726 ;
438 2686 523 2721 nomen
541 2673 657 2725 Latinum
678 2676 795 2740 comple·
870 2674 906 2721 uti
922 2670 1099 2738 91448161θί41]
1126 2689 1153 2723 V·
1173 2675 1208 2724 ad
1224 2674 1286 2739 11¹8·
1305 2673 1358 2737 3¹2
1379 2677 1404 2724 7·

232 2745 315 2796 ctitur
334 2760 425 2797 omnes
445 2749 567 2813 Latinos,
587 2753 634 2816 qui
652 2753 794 2803 civitatem
870 2751 1070 2816 intentationibus
1087 2760 1131 2801 out
1145 2751 1264 2818 imperiis]
1283 2753 1327 2804 De
1343 2755 1406 2818 plu-

232 2821 341 2886 quidem
363 2839 418 2874 non
444 2825 597 2892 hebebant,
628 2829 676 2880 sed
700 2835 793 2881 tamen
835 2823 887 2878 reli
911 2843 938 2878 v.
958 2828 993 2877 ad
1011 2827 1071 2878 Cet.
1091 2829 1133 2891 14,
1153 2833 1178 2879 5.

230 2898 322 2963 paullo
339 2902 450 2954 meliore
463 2909 542 2955 erant
553 2921 635 2970 quam
650 2909 718 2958 socii
732 2923 794 2958 oen·
870 2907 895 2956 2.
915 2907 1009 2955 conscii
1024 2903 1082 2970 eibi]
1103 2922 1131 2958 v.
1150 2906 1185 2957 ed
1204 2907 1265 2957 Cet.
1286 2907 1329 2970 14,
1351 2912 1380 2960 2.

231 2975 347 3028 dicione.
870 2985 1022 3044 expertium
1039 2981 1143 3048 invidia]
1162 2985 1180 3035 i.
1200 3000 1224 3034 e.
1244 3000 1277 3034 ex
1293 2985 1404 3036 invidia

265 3057 291 3106 3.
321 3061 360 3109 uti
377 3074 429 3121 par
449 3057 547 3124 suerat]
585 3058 793 3124 Plusqnamper-
834 3061 892 3110 sive
912 3060 988 3124 odio,
1007 3077 1053 3126 qno
1067 3069 1159 3124 partes
1178 3060 1228 3127 (sc.
1243 3067 1405 3127 populares,-

230 3133 304 3184 fecto
333 3136 479 3198 respicitur
504 3151 558 3186 nen
582 3141 638 3186 tem
666 3137 700 3187 ad
724 3135 793 3185 illud
834 3141 870 3190 01.
889 3156 913 3190 c.
934 3139 963 3189 41
971 3177 978 3202 ,
997 3140 1021 3190 1.
1038 3139 1081 3202 43,
1102 3138 1139 3204 l.)
1162 3139 1336 3203 inopinantes
1356 3161 1403 3195 ae-

229 3214 793 3279 tempns,quosenetnsdecernebat,quam
832 3219 962 3273 attrabunt,

232 3288 267 3336 ad
286 3289 424 3352 superius,
448 3290 582 3354 siquidem
604 3294 653 3340 iem
676 3302 734 3344 ante
749 3295 792 3357 fu·
867 3297 975 3346 domines
990 3298 1092 3345 uerninte
1102 3295 1191 3345 Latini
1206 3304 1233 3345 et
1247 3297 1402 3348 0001011111-

229 3373 292 3414 etum
310 3365 448 3425 decretum,
466 3368 570 3432 reipsa
588 3372 723 3434 exigente,
738 3387 792 3434 par
832 3369 951 3438 lieoel'v.
969 3371 1004 3420 ed
1022 3387 1046 3420 c.
1061 3370 1103 3433 39,
1116 3373 1141 3423 2.
1162 3373 1303 3435 Quomodo
1323 3375 1344 3423 ii
1357 3392 1402 3426 1ο-

227 3443 319 3506 suerat
337 3440 433 3489 foedus
451 3443 608 3506 improbari.
805 3447 809 3454 ⁴
832 3451 938 3516 getioni
959 3449 1152 3512 impedimento
1171 3466 1231 3500 esse
1248 3453 1401 3517 potuerint,

260 3518 350 3580 populi
371 3517 475 3583 iniussu]
505 3521 543 3570 cf.
569 3522 626 3574 cic.
657 3540 684 3589 p.
704 3525 790 3576 Balbo
832 3543 914 3591 quum
928 3526 1051 3590 suffragii
1064 3526 1170 3576 ferendi
1186 3528 1245 3578 iure
1263 3537 1401 3594 carerent,

231 3595 272 3658 15,
289 3594 331 3644 34.
351 3596 390 3644 De
409 3610 456 3659 quo
472 3597 578 3660 foedere
593 3605 700 3664 populus
720 3604 789 3654 Rern.
832 3605 975 3655 obscurum
988 3609 1037 3654 est.
1058 3603 1257 3658 Nonabborret
1270 3613 1362 3658 tamen
1382 3627 1400 3660 a

228 3675 377 3726 sententiam
400 3690 448 3724 non
472 3678 539 3738 tulit,
568 3682 610 3744 qui
630 3683 790 3733 intumesco
832 3682 1078 3739 verisimilitudine,
1091 3684 1237 3748 optimates
1251 3684 1305 3735 illis
1318 3702 1398 3751 spem

228 3757 295 3804 nulle
309 3761 386 3816 paeto
403 3761 487 3816 potest
504 3758 623 3821 retiqione
641 3761 730 3810 teneri.
832 3758 954 3816 civitatis
984 3757 1149 3810 obtinendae
1176 3763 1343 3827 ostendisse,
1366 3773 1400 3816 ut

264 3835 289 3885 4.
309 3833 346 3881 reti
360 3831 521 3898 conuenerat]
543 3837 579 3886 01.
596 3853 620 3887 0.
641 3837 682 3901 38,
701 3838 727 3889 9.
749 3837 789 3888 10.
832 3852 903 3886 novo
928 3851 1013 3901 eoque
1036 3839 1198 3901 gravissimo
1220 3842 1332 3905 negotio
1351 3844 1399 3892 ob-

264 3911 289 3960 5.
309 3913 429 3973 eccepto
447 3910 539 3977 rerum]
560 3914 616 3965 i.e.
631 3931 790 3980 puerorum,
832 3913 903 3964 iente
921 3912 1009 3978 plebis
1027 3919 1130 3965 mentes
1149 3917 1286 3982 animique
1303 3933 1319 3968 a
1335 3920 1398 3969 Ma-

229 4003 298 4052 quae
311 3990 376 4036 tunc
386 3992 472 4049 erent,
488 3993 562 4039 statu
576 3996 604 4042 et
616 3993 788 4053 condicione;
832 3991 899 4040 milii
917 3992 1060 4056 rogatione
1078 3997 1274 4045 averterentur.

228 4065 264 4114 cl.
284 4065 345 4128 Iug.
365 4063 407 4126 98,
427 4063 453 4115 3.
472 4063 514 4127 90,
536 4067 559 4116 1.
578 4069 620 4132 54,
640 4069 665 4123 9.
684 4070 726 4132 te,
744 4070 769 4122 3.
862 4067 1004 4134 parabant]
1025 4085 1052 4120 a.
1072 4071 1107 4120 nd
1124 4071 1185 4136 Ing.
1204 4075 1247 4135 27,
1269 4073 1293 4124 l.

126 4141 130 4150 '
262 4137 359 4204 statuit]
379 4141 595 4207 10111ᾰὶ00111,
615 4147 732 4209 censuit;
751 4147 786 4198 cf.
866 4144 891 4196 3.
911 4161 984 4210 quam
1001 4148 1096 4197 intenta
1109 4147 1200 4214 fuerit]
1229 4151 1248 4199 i.
1270 4166 1293 4200 e.
1312 4165 1394 4215 quem

228 4214 271 4275 54,
290 4215 316 4264 5.
335 4216 394 4267 Get.
415 4218 446 4280 4,
467 4218 491 4269 1.
831 4223 910 4272 unice
928 4239 999 4286 rem,
1018 4239 1087 4288 quae
1107 4227 1248 4292 agebatur,
1267 4229 1394 4294 amplexa

262 4291 320 4338 XL.
347 4292 371 4340 1.
400 4293 503 4342 Interea
526 4321 558 4330 -
577 4301 729 4358 rogationem
753 4330 788 4338 -
830 4303 880 4363 sit,
899 4317 986 4366 neque
1005 4302 1058 4352 alio
1078 4319 1108 4355 se
1123 4305 1221 4357 abduci
1239 4322 1322 4372 pessa
1340 4311 1390 4372 sit;

225 4363 376 4429 prematque]
396 4367 457 4416 Hoc
467 4367 569 4418 iactum
578 4385 642 4420 vere
650 4374 716 4422 enni
729 4373 787 4424 109.
831 4378 868 4430 01.
887 4379 948 4431 Oct.
967 4379 992 4442 6,
1011 4381 1037 4430 5.
