3024 4852
217 301 277 363 tao
626 315 656 364 o.
681 316 850 364 sunausrr
871 315 984 364 causer

215 489 283 550 gas,
306 481 401 531 tamen
425 471 616 549 importunum
635 481 697 548 est,
722 490 805 551 quum
830 447 1002 551 praesertim
1023 491 1124 534 omnes
1143 491 1239 534 rerum
1258 476 1402 536 mutatio·
1486 449 1487 484 ³

216 601 269 644 nes
292 581 430 658 caedem,
461 581 559 659 lugam
582 583 696 661 aliaque
719 582 837 644 hostilia
859 585 1048 664 portendant;
1077 585 1184 645 trustra
1214 596 1312 647 autern
1341 589 1400 646 niti
1409 596 1425 647 3

216 711 312 772 neque
335 690 411 752 aliud
439 709 472 752 se
501 692 650 770 fatigando
680 695 734 754 nisi
763 693 858 754 odium
882 713 1026 774 quaerere
1051 705 1200 756 extremae
1224 697 1399 757 dementiae

217 795 276 872 est;
307 803 362 862 nisi
384 803 461 862 forte
486 815 571 882 quem
594 804 747 864 inhonesta
770 814 811 865 et·
827 808 991 884 perniciosa
1014 806 1112 867 lubido
1135 816 1215 868 tenet
1237 809 1427 885 potentiaet

215 931 375 992 paucorum
398 914 488 973 decus
510 921 597 992 atque
618 913 782 975 libertatern
801 934 881 976 suam
903 919 1071 994 gratificari.
1484 895 1485 912 ξ

300 1024 351 1086 Ν.
397 1023 532 1084 Ceterum
555 1043 593 1083 ex
615 1024 678 1084 aliis
700 1027 844 1102 negotiis,
871 1044 947 1105 quae
970 1030 1088 1107 ingenio
1118 1039 1310 1107 exercentur,
1337 1029 1396 1088 im-

216 1137 315 1214 primis
333 1154 439 1213 magno
461 1137 525 1196 usui
554 1143 599 1195 est
621 1138 760 1197 memoria
783 1154 878 1196 rerum
901 1147 1058 1215 gestarum.
1105 1139 1193 1200 Cuius
1221 1141 1257 1200 de
1280 1141 1424 1199 virtute?
1484 1115 1485 1120 ἵ

216 1249 280 1326 quia
305 1247 383 1306 multi
409 1247 527 1324 dixere,
557 1245 799 1324 praetereundum
827 1256 914 1325 puto,
946 1250 1028 1309 simul
1058 1269 1094 1310 ne
1122 1268 1176 1330 per
1203 1251 1396 1310 insolentiam

216 1360 281 1436 quis
302 1359 456 1418 existumet
473 1366 579 1416 memet
599 1356 720 1416 studium
738 1373 832 1414 meum
851 1355 994 1418 laudando
1017 1339 1172 1420 extollere.
1210 1361 1308 1438 Atque
1329 1366 1424 1436 ego3

217 1467 307 1528 credo
334 1468 416 1545 lore,
448 1467 512 1546 qui,
542 1468 607 1545 quia
630 1467 749 1526 decrevi
777 1467 879 1544 procul
907 1487 923 1528 a
950 1469 1101 1548 republica
1130 1479 1254 1532 aetatem
1283 1489 1394 1548 agere,

216 1585 294 1638 tanto
317 1587 434 1658 tamque
456 1578 516 1638 utili
538 1577 632 1639 labori
654 1595 720 1636 meo
741 1594 847 1636 nornen
866 1579 987 1639 inertiae
1008 1583 1169 1660 imponant;
1200 1590 1294 1658 certe,
1327 1583 1395 1659 qui·

249 1766 421 1833 importatum]
446 1767 465 1818 i.
483 1782 506 1818 e.
526 1764 669 1817 molestum
690 1769 718 1814 et
736 1779 780 1830 pe·
822 1763 925 1816 dictum
948 1767 1000 1820 hac
1019 1771 1171 1822 sententia:
1195 1770 1226 1820 de
1244 1784 1275 1818 ea
1295 1784 1328 1818 re
1350 1769 1395 1818 di-

216 1844 373 1896 riculosum.
821 1845 924 1895 cendam
940 1863 987 1898 noa
1001 1857 1072 1914 pato.

248 1936 413 2004 portendant]
440 1939 459 1989 i.
477 1954 500 1988 e.
518 1937 610 1987 futura
628 1937 780 1984 monstrent
854 1936 904 1983 Per
921 1925 1085 1992 meolmtiom]
1115 1926 1192 1976 Haec
1211 1939 1272 1974 cum
1293 1921 1393 1972 verbis

216 2015 382 2083 (germanice
404 2019 430 2067 fn
453 2015 575 2068 Amph]
596 2012 709 2079 παρη),
741 2011 777 2063 pf⁸
821 2000 950 2052 laudando
971 2007 1095 2054 extollere
1118 2001 1310 2068 coniungenda
1332 2001 1393 2065 pri·
1486 2049 1487 2070 p

820 2093 893 2129 mum
910 2081 1000 2133 locum
1018 2087 1163 2147 occupant,
1182 2087 1212 2130 ut
1223 2082 1260 2144 id,
1281 2081 1326 2130 cui
1339 2095 1392 2131 au-

820 2162 880 2207 ctor
898 2160 1013 2210 maxime
1032 2175 1171 2211 occurrere
1187 2158 1261 2222 vult,
1281 2174 1344 2209 cum
1360 2159 1393 2206 vi

821 2236 946 2288 emineat.
966 2266 1001 2275 -
1023 2239 1165 2290 Insolentio
1182 2240 1240 2290 eius
1259 2242 1315 2301 est,
1342 2239 1392 2303 qui

820 2315 932 2365 nimium
951 2317 1004 2367 sibi
1022 2317 1128 2369 tribuit.

856 2392 951 2459 memet]
972 2395 1155 2446 Accusativus
1171 2392 1287 2444 subiecti
1301 2395 1355 2442 est.

855 2475 884 2546 3..
898 2478 982 2544 Atque
992 2496 1037 2546 eqo
1054 2483 1131 2532 eredo
1150 2478 1214 2545 etc]
1237 2479 1290 2530 Per
1308 2487 1391 2543 atque

820 2554 978 2621 adiungitur
993 2560 1103 2624 gravior
1121 2558 1257 2612 sententia
1269 2557 1298 2606 in
1311 2555 1390 2606 hune

821 2633 942 2684 modum:
967 2651 1022 2686 non
1046 2636 1133 2686 selum
1152 2637 1181 2686 in
1199 2633 1327 2685 laudibus
1347 2633 1391 2682 hi-

215 2096 275 2162 Iug.
295 2097 343 2161 92,
362 2097 387 2146 2.

249 2189 274 2241 3.
302 2192 405 2254 frustra
429 2197 510 2238 autem
532 2183 587 2249 niti]
620 2199 658 2234 sc.
682 2184 778 2231 contra

217 2283 278 2330 eos,
310 2268 357 2332 qui
379 2266 433 2316 vim
455 2266 484 2315 in
507 2265 621 2314 civitate
645 2259 776 2311 obtinent.

216 2345 269 2406 Qui
286 2345 327 2394 ita
348 2344 485 2405 nitantur,
513 2340 659 2392 Sallustius
680 2335 778 2386 intelli-

215 2421 257 2485 git
275 2437 335 2484 eos,
361 2420 458 2486 quibus
476 2424 559 2470 autea
576 2418 682 2485 dixerat
702 2415 777 2464 bono-

215 2514 267 2548 rem
284 2515 333 2548 aon
351 2499 420 2550 dort'.

209 2584 217 2602 ‘'
251 2589 385 2658 quaerere]
406 2592 425 2643 i.
444 2606 467 2642 a.
487 2589 610 2655 impenso
627 2585 721 2636 labore
737 2589 778 2634 at-

216 2685 268 2734 que
287 2670 377 2721 studio
395 2685 507 2735 parar03
536 2667 571 2716 ci.
590 2664 651 2729 lug.
668 2664 715 2726 85,
735 2661 776 2714 30.

216 2749 259 2812 87,
278 2751 304 2799 2.
329 2749 371 2814 89,
393 2751 417 2800 1.
436 2750 511 2800 Hist.
529 2746 575 2795 Fr.
592 2743 651 2806 111,
672 2742 699 2805 1,
721 2741 743 2792 l.

250 2852 277 2904 4.
296 2853 346 2902 nisi
358 2853 430 2916 forte
447 2849 513 2916 eta]
534 2847 678 2900 Sallustius
697 2859 779 2910 quum

216 2933 281 2981 duos
305 2929 413 2982 omnino
438 2945 499 2982 esse
520 2929 639 2978 rationes
666 2925 780 2975 dixisset

220 3009 430 3074 magistratuum
454 3007 645 3074 gerendorum,
665 3017 778 3069 quarum

215 3092 312 3136 neutra
331 3087 366 3136 ad
389 3101 478 3136 rerum
497 3084 667 3149 publicarum
686 3093 787 3135 curam„

213 3164 330 3213 invitare
348 3164 443 3226 possit,
460 3163 515 3212 iam
525 3164 622 3212 tertiam
632 3159 722 3225 ponit,
741 3156 775 3205 ab

213 3239 267 3288 illis
295 3239 430 3288 diuersam
456 3237 578 3302 quidem,
609 3237 656 3286 sed
682 3234 775 3296 talem,

216 3331 297 3382 quam
314 3319 358 3366 cin
376 3315 497 3366 credibile
512 3318 544 3364 ott
556 3329 716 3380 quemquam
732 3311 776 3360 do-

214 3401 309 3444 narium
323 3393 466 3454 initurum
487 3391 523 3441 cf.
543 3392 578 3441 ad
597 3391 656 3441 Cat.
671 3388 712 3451 20,
735 3388 775 3440 17.

246 3485 402 3552 gratificari]
429 3488 449 3537 i.
465 3502 489 3536 e.
507 3484 655 3536 concedere
673 3489 700 3534 et
717 3488 776 3536 tan-

215 3578 297 3630 quam
315 3566 421 3630 gratiae
440 3561 603 3614 obtinendae
621 3577 718 3613 caussa
737 3565 776 3614 oi-

214 3644 294 3693 serre.
314 3671 350 3680 —
371 3643 527 3693 Infinitivus
546 3639 645 3706 pendet
664 3656 697 3691 ex
715 3658 777 3692 con-

214 3721 316 3772 iunctis
328 3721 419 3772 verbis
432 3720 516 3771 lubido
532 3727 612 3774 tenet:
625 3735 651 3771 v.
666 3719 701 3770 ad
713 3720 774 3772 Cat.

145 3796 152 3809 '
213 3803 245 3864 4,
266 3799 321 3851 1.ι

247 3891 295 3944 IV.
328 3890 353 3942 1.
386 3893 502 3942 memoria
532 3905 616 3941 rerum
637 3888 774 3954 pertarum]

213 3969 299 4020 Plane
314 3969 479 4034 respondent
495 3967 562 4019 haec
574 3966 722 4018 vernaculo
735 3967 777 4016 die

215 4045 367 4108 Gereldcltte²
386 4046 465 4096 cuius
483 4045 609 4096 vocabuli
624 4045 701 4094 notio
720 4047 776 4093 tam

213 4124 369 4187 cognitione
393 4126 420 4172 et
444 4123 559 4174 scientia
577 4135 680 4184 rerum,
704 4135 775 4184 quae

213 4199 438 4262 antoninorum,
461 4216 542 4264 quam
558 4215 651 4250 earum
669 4214 775 4263 compo-

213 4274 312 4324 sitione
330 4280 358 4326 et
373 4277 528 4326 narratione
545 4276 709 4330 continetur.

821 2711 922 2761 storiae
949 2713 1028 2763 multi
1056 2715 1207 2778 offendent,
1241 2713 1289 2763 sed
1317 2713 1389 2760 adeo

820 2795 901 2848 erunt,
921 2791 968 2854 qui
985 2791 1105 2843 studium
1122 2795 1210 2858 ipsum
1227 2792 1390 2854 vituperent
1486 2859 1487 2864 Ἰ

820 2865 898 2929 eique
916 2881 1014 2918 nomen
1031 2868 1147 2922 inertiae
1162 2871 1312 2936 imponant.
1347 2867 1387 2920 ef.

821 2943 857 2993 ad
871 2942 932 2996 Cat.
950 2944 993 3008 51,
1006 2944 1049 2998 35.

854 3030 967 3078 solutore
983 3028 1089 3096 plebem]
1113 3030 1145 3080 Id
1160 3030 1314 3091 faciebant,
1334 3029 1386 3093 qui

820 3104 935 3156 bonores
953 3109 1098 3171 petebant,
1119 3107 1239 3172 plebem,
1258 3105 1385 3157 adhibito

819 3183 900 3233 etiam
914 3184 1125 3247 nomenclatore,
1144 3186 1311 3247 ambenntes‚
1327 3185 1386 3235 sin-

818 3259 896 3326 gulos
919 3261 1013 3324 obvios
1031 3262 1185 3313 nominibus
1210 3263 1385 3328 appellantes

820 3353 965 3402 eorumque
982 3341 1089 3405 gratiae
1101 3357 1131 3391 se
1149 3343 1383 3396 commendantes.

852 3421 979 3488 conclude]
1007 3426 1027 3476 i.
1047 3441 1071 3476 e.
1091 3426 1191 3492 epulis,
1210 3428 1330 3493 prandiis
1355 3435 1385 3480 et

817 3500 1056 3552 viscerationibus.

852 3581 879 3632 4.
906 3580 1078 3648 magistratus]
1112 3582 1225 3632 Praeter
1252 3587 1385 3646 quaestu·

818 3670 876 3705 ram
893 3656 935 3706 bis
954 3661 1060 3722 gestam
1077 3659 1203 3709 tribunus
1221 3658 1306 3723 plebis
1326 3659 1385 3711 suit

819 3747 845 3783 a.
864 3734 907 3793 52.
926 3748 952 3784 a.
971 3733 1034 3786 Chr.
1052 3749 1092 3798 n.‚
1109 3739 1218 3802 praetor
1236 3749 1262 3787 a.
1281 3736 1324 3788 47.

820 3839 825 3862 ι
853 3819 940 3883 quoles
957 3819 1007 3868 oim'
1020 3817 1084 3885 etc]
1104 3820 1218 3871 Duobus
1236 3836 1384 3886 argumen-

818 3896 855 3945 tis
873 3895 960 3946 utitur
978 3895 1140 3960 Sallustius,
1163 3903 1195 3948 ut
1207 3900 1313 3964 probet,
1330 3915 1383 3950 cur

817 3973 939 4024 civitatis
960 3989 1064 4025 morum
1085 3974 1176 4025 taedio
1202 3981 1298 4041 captus
1322 3977 1401 4028 iam.

817 4052 919 4103 dudum
935 4069 952 4104 a
970 4053 1051 4104 rebus
1066 4052 1183 4118 publicis
1201 4054 1282 4118 plane
1293 4055 1384 4106 absti-

816 4129 933 4182 nendum
950 4133 1099 4196 putaverim
1119 4131 1234 4181 alterum
1244 4137 1294 4195 est,
1305 4134 1383 4198 quod

817 4225 848 4260 eo
870 4213 1005 4274 tempore,
1035 4225 1088 4275 quo
1111 4211 1171 4274 ipse
1200 4211 1382 4275 magistratus

815 4285 931 4351 adeptus
944 4288 1025 4348 esset,
1041 4287 1144 4352 egregii
1156 4285 1209 4336 viri
1223 4286 1258 4336 ad
1270 4287 1382 4340 debitos

249 4359 273 4408 2.
302 4359 514 4420 praetereundam
539 4353 613 4421 paro]
649 4359 774 4408 Breviter
814 4361 1083 4426 bonoreapervenire
1098 4377 1152 4412 non
1167 4368 1293 4427 possent;
1309 4365 1382 4416 alte-
