3028 4852
171 272 212 333 20
531 281 803 330 euonuooruaun.
849 281 926 328 esa.
944 280 982 327 11.

173 437 226 498 sed
254 438 361 498 iactum
392 438 540 516 videatur,
576 447 605 497 ct
634 437 786 497 consilium
816 435 910 513 magis
942 444 1031 514 atque
1058 434 1227 494 industriam
1255 451 1345 512 quam

174 548 286 609 liberae
315 549 507 627 integraeque
537 559 657 610 naturae
679 549 816 627 impetum
848 547 969 626 prodat,
1001 555 1030 606 et
1051 545 1109 606 hoc
1137 546 1253 606 nomine
1278 541 1346 602 Sal·

174 659 289 720 lustium
318 658 494 736 aliquantum
522 678 538 719 a
561 658 698 720 Caesaris
728 659 823 718 nativa
847 656 1033 736 simplicitate
1062 665 1091 715 et
1117 664 1270 716 venustate
1300 654 1345 710 in·

176 767 368 847 comparabili
390 767 576 847 discrepare;
605 785 776 849 quamquam
799 767 1032 834 hoodiscrimen
1056 785 1114 827 non
1140 769 1234 844 magis
1253 781 1345 845 pecu-

173 880 240 940 liari
263 879 412 957 utriusque
440 888 540 939 natura
569 889 597 939 et
626 880 763 958 ingenio,
794 900 880 960 quam
901 898 1015 956 rerum,
1047 896 1120 957 quas
1149 877 1346 954 scripserunt,

174 987 343 1049 diversitate
366 989 470 1048 nititur.

203 1133 212 1150 ·
262 1101 354 1175 Quum
382 1098 436 1158 iam
459 1099 599 1177 aequales
622 1100 750 1162 Sallustii
774 1103 916 1162 sentirent
942 1097 1018 1159 haud
1041 1115 1098 1158 uno
1121 1114 1186 1156 eum
1213 1093 1301 1154 modo
1326 1111 1345 1152 a

176 1213 284 1272 ceteris
307 1207 502 1286 scriptoribus
526 1208 657 1287 dillerre,
684 1213 853 1292 complures
875 1209 1006 1287 luerunt,
1035 1208 1138 1288 quibus
1161 1207 1255 1268 oratio
1279 1205 1346 1262 eius

173 1326 213 1382 ita
245 1319 434 1398 displiceret,
470 1326 500 1377 ut
529 1336 586 1379 non
617 1321 709 1382 solum
739 1321 824 1382 valde
858 1322 1072 1399 vituperarent,
1108 1316 1160 1377 sed
1193 1323 1345 1376 auctorem

174 1434 270 1512 ipsum
297 1427 477 1506 gravissimis
501 1430 642 1489 conviciis
667 1442 833 1493 onerarent.
877 1431 922 1490 De
943 1430 1059 1490 Lenaeo
1082 1430 1138 1488 iarn
1161 1444 1249 1504 supra
1272 1423 1343 1483 dixi-

177 1558 240 1600 mus
260 1557 288 1617 p.
311 1538 340 1598 6.
375 1535 446 1596 Cum
463 1556 499 1598 eo
518 1538 582 1598 iere
603 1545 740 1619 congruit
758 1543 861 1602 incerti
881 1542 1009 1602 auctoris
1027 1540 1206 1618 epigramma
1223 1555 1239 1595 a
1255 1534 1344 1609 Quin·

176 1652 276 1711 tiliano
296 1645 379 1724 Vlll,
401 1647 436 1725 3,
459 1649 510 1710 29.
533 1649 663 1711 allatum:
696 1654 753 1731 „llt
776 1651 867 1712 verba
889 1652 996 1730 antiqui
1016 1649 1141 1709 multum
1160 1645 1268 1725 furate
1287 1641 1344 1703 Ga·

178 1764 271 1839 tonis,
296 1758 417 1836 Crispe,
439 1757 626 1836 Iugurthinae
647 1764 780 1824 conditor
799 1761 971 1822 historiae.“
1003 1759 1098 1820 blinus
1112 1755 1266 1830 acerbum,
1289 1752 1344 1812 sed

177 1882 272 1932 tamen
298 1857 468 1949 improbans
488 1868 612 1947 Augusti
641 1873 678 1934 de
706 1893 742 1935 eo
770 1872 823 1932 init
847 1871 998 1947 iudicium,
1030 1869 1078 1948 qui
1101 1866 1241 1929 Suetonio
1265 1873 1344 1924 teste

177 2001 203 2042 c.
224 1982 274 2042 86.
297 1983 326 2040 in
349 1979 473 2057 epistola
497 1980 532 2039 ad
554 1980 592 2040 bl.
617 1979 771 2042 Antonium
796 1982 871 2043 haec
899 1981 1034 2060 scripsit:
1070 1977 1194 2058 „Tuque
1218 1974 1344 2050 dubitas,

178 2089 333 2180 Cimberpe
349 2087 474 2167 Annius,
498 2107 534 2149 an
547 2090 692 2150 Veranius
709 2091 835 2153 Flaccus
856 2090 982 2152 imitandi
1001 2090 1051 2151 tibi
1071 2089 1144 2164 sint,
1168 2089 1206 2146 ita
1227 2095 1256 2146 ut
1277 2104 1344 2144 ver·

177 2199 238 2276 bis,
270 2217 344 2278 quae
367 2196 400 2256 C.
415 2179 575 2258 'Sallustius
594 2201 752 2278 excerpsit
771 2221 811 2262 ea
835 2199 1016 2282 Originibus
1039 2197 1186 2274 Catonis,
1213 2192 1346 2256 utaris‘l‘i

176 2309 367 2386 Praecipuum
389 2308 517 2368 Sallustii
540 2311 767 2389 vituperatorem
793 2313 939 2374 exstitisse
962 2310 1092 2370 Asinium
1115 2306 1277 2370 Pollionem
1301 2307 1343 2364 in-

177 2399 317 2496 tetttgnur'
343 2435 380 2476 ex
407 2417 501 2479 aetrno
527 2419 590 2481 uu.
615 2420 679 2481 xl.
706 2422 750 2499 x,
775 2423 826 2484 ae.
861 2422 986 2500 ,mmo
1017 2422 1141 2484 norton
1169 2422 1196 2480 n
1222 2420 1344 2499 quaram

178 2527 322 2611 epistola,
345 2544 429 2605 quam
450 2527 485 2588 ad
502 2530 638 2592 Plancum
660 2533 794 2611 scripsit,
819 2542 847 2593 et
869 2533 1038 2612 quibusdam
1061 2533 1125 2593 aliis
1147 2529 1181 2591 G.
1204 2529 1343 2590 Sallustio

178 2639 301 2718 iniquis,
330 2637 446 2715 dignum
467 2649 535 2700 uota
555 2639 646 2700 visum
664 2639 730 2719 'est,
758 2642 836 2720 quod
863 2645 891 2703 in
923 2646 1016 2724 primo
1045 2643 1228 2704 historiarum
1256 2641 1343 2701 maris

179 2750 328 2810 transitum
359 2748 579 2830 tramissnmque
609 2751 731 2812 navibus
766 2751 873 2814 iactum
905 2762 1136 2834 compressum
1172 2752 1343 2832 appellavit,

179 2878 309 2939 eosque,
339 2861 388 2940 qui
410 2860 514 2922 iratum
543 2863 776 2939 transmiserant,
806 2881 880 2941 quos
906 2863 1112 2926 transfretasse
1141 2863 1197 2922 dici
1228 2862 1343 2923 solitum

179 2980 240 3048 est,
269 2979 486 3052 compressos
507 2972 609 3033 dixit.“
653 2972 783 3033 Eandem
806 2993 867 3034 rem
895 2976 991 3052 tetigit
1015 2974 1099 3034 etiam
1123 2974 1278 3034 Suetonius
1306 2972 1343 3032 de

178 3081 220 3141 ill.
244 3100 363 3158 gramm.
383 3102 409 3142 c.
435 3085 484 3147 10.
505 3086 585 3144 cuius
604 3083 678 3144 haec
697 3093 761 3143 sunt
780 3083 886 3144 verba:
917 3084 983 3162 „De
1004 3083 1108 3144 eodem
1127 3083 1259 3164 (htteio)
1277 3081 1344 3142 Asi·

178 3192 242 3250 nius
264 3191 360 3252 Pollio
387 3193 420 3253 in
441 3192 537 3270 libro,
568 3211 628 3274 quo
649 3192 794 3254 Sallustii
818 3193 939 3272 scripta
959 3193 1172 3273 reprehendit,
1201 3203 1232 3254 ut
1260 3193 1345 3252 nimia

181 3303 341 3380 priscorum
363 3301 520 3362 verborum
542 3303 727 3364 affectatione
751 3303 856 3380 oblita,
879 3306 917 3365 ita
939 3304 1037 3365 tradit:
1071 3305 1103 3364 ln
1124 3323 1187 3366 eam
1209 3321 1270 3363 rem
1295 3301 1344 3362 ad-

178 3413 313 3473 iutorium
333 3412 361 3472 ei
384 3411 454 3472 iecit
472 3413 594 3474 maxime
618 3414 731 3492 quidam
749 3412 864 3474 Atteius
885 3414 1101 3492 Praetextatus,
1122 3413 1228 3475 nobilis
1248 3431 1343 3490 gram·

181 3524 302 3584 maticus
323 3521 460 3584 latinus.“
505 3524 558 3585 Cui
579 3524 720 3585 Pollionis
742 3525 903 3587 sententiae
927 3524 1022 3603 aliqua
1044 3543 1082 3584 ex
1109 3533 1191 3605 parte
1217 3524 1344 3584 occurrit

179 3637 245 3714 ipse
265 3634 420 3694 Suetonius
443 3634 463 3693 l.
483 3634 502 3694 l.
525 3634 599 3696 baec
622 3634 776 3696 adiicieus:
807 3634 895 3712 „Quo
913 3636 1005 3712 magis
1026 3635 1115 3696 miror
1132 3634 1262 3696 Asinium
1278 3632 1343 3693 Pol-

182 3745 288 3806 lionem
315 3743 491 3822 credidisse,
518 3747 632 3825 antiqua
655 3765 720 3806 eum
738 3744 898 3825 (Attalum)
924 3744 1016 3806 verba
1042 3754 1071 3805 et
1090 3747 1199 3824 figuras
1227 3743 1343 3805 solitum

181 3873 249 3914 esse
273 3854 416 3932 colligere
438 3855 593 3934 Sallustio,
617 3874 702 3934 quum
728 3854 782 3914 sibi
805 3856 878 3915 sciat
902 3855 971 3916 nihil
991 3854 1066 3916 aliud
1090 3856 1228 3932 suadere,
1258 3871 1342 3932 quam

180 3974 210 4025 ut
231 3975 300 4028 noto
329 3965 465 4044 civilique
494 3975 522 4026 et
544 3967 665 4046 proprio
691 3979 827 4026 sermone
849 3974 959 4043 utatur,
987 3966 1115 4044 vitetque
1142 3967 1265 4026 maxime
1291 3962 1342 4024 ob·

179 4075 345 4135 scuritatem
366 4073 494 4136 Sallustii
508 4059 544 4137 'et
563 4074 712 4137 audaciam
732 4076 763 4134 in
785 4074 1050 4136 translationibus.“
1094 4075 1153 4135 Sed
1173 4074 1209 4136 ad
1228 4075 1342 4134 univer·

180 4202 242 4246 sum
265 4184 492 4246 obtrectatorum
520 4203 613 4263 genus
643 4185 824 4247 refutandum
851 4186 990 4265 imprimis
1017 4183 1114 4244 valent
1137 4183 1227 4244 verba
1258 4179 1343 4244 Gellii

179 4294 241 4356 NN.
257 4293 323 4353 hh.
337 4294 388 4372 lV,
407 4297 455 4358 15.
479 4293 655 4373 „Elegantia
675 4293 816 4356 orationis
836 4295 964 4356 Sallustii
980 4291 1195 4372 verborumque
1216 4287 1359 4368 lingendi'
