3024 4852
199 304 239 366 80
403 302 408 310 '
610 315 640 362 c.
665 315 833 364 sannusru
856 316 970 364 cmsrr

197 471 346 532 Gabinium
369 473 511 548 accersit,
534 490 592 551 quo
611 474 703 533 maior
725 474 888 544 auctoritas,
904 475 1032 533 sermoni
1054 476 1174 536 inesset.
1219 475 1265 536 Eo
1289 494 1377 554 prae·

197 593 279 642 sente
303 583 531 645 coniurationem
551 585 660 663 aperit,
684 587 811 644 nominat
833 586 949 662 socios,
973 597 1135 669 praeterea·
1150 587 1255 647 multos
1280 589 1378 646 cuius·

197 711 254 772 que
277 697 396 772 generis
415 695 567 773 innoxios,
593 714 650 775 quo
669 695 775 774 legatis
796 697 907 755 animus
930 697 1055 776 amplior
1077 707 1172 767 esset;
1195 699 1299 758 deinde
1320 717 1378 758 eos

198 805 348 883 pollicitos
373 826 493 888 operam
516 828 595 869 suam
618 807 733 866 domum
756 791 879 867 dimittit.

284 916 356 978 XLI.
402 919 462 978 Sed
484 918 668 995 Allobroges
698 918 744 977 diu
772 919 800 976 in
830 919 942 980 incerto
966 919 1109 997 habuere,
1139 919 1273 999 quidnam
1303 939 1375 980 con·

197 1029 243 1087 sili
273 1039 422 1110 caperent.
473 1030 505 1089 ln
537 1030 628 1091 altera
659 1037 741 1108 parte
774 1039 837 1090 erat
871 1048 923 1090 aes
958 1031 1099 1109 alienum,
1138 1031 1260 1091 studium
1288 1031 1405 1110 belli,2

196 1157 299 1218 magna
326 1159 443 1201 merces
470 1142 499 1200 in
527 1160 581 1221 spe
610 1141 766 1210 victoriae;
804 1149 833 1199 at
863 1141 890 1199 in
919 1140 1010 1201 altera
1038 1142 1165 1203 maiores
1194 1160 1283 1222 opes,
1313 1151 1374 1201 tuta

197 1253 335 1330 consilia,
372 1270 427 1332 pro
456 1249 567 1312 incerta
596 1269 651 1330 spe
683 1259 762 1309 certa
792 1253 930 1330 praemia.
979 1251 1061 1312 llaec
1088 1253 1145 1313 illis
1177 1253 1405 1332 volventibus,3

137 1365 140 1371 '
196 1364 310 1424 tandem
335 1364 413 1423 vicit
434 1362 548 1426 iortuna
579 1360 769 1442 reipublicae.
818 1361 919 1440 ltaque
942 1363 977 1438 Q.
1005 1362 1097 1424 Fabio
1128 1364 1258 1442 Sangae,
1290 1365 1406 1424 cuius4

197 1473 361 1555 patrocinio
386 1475 488 1534 civitas
507 1473 667 1552 plurumum
688 1470 836 1549 utebatur,
859 1491 921 1532 rem
944 1492 1072 1552 omnem,
1096 1478 1136 1536 uti
1156 1485 1367 1555 cognoverant,

195 1585 359 1665 aperiunt..
384 1583 507 1663 Cicero,
540 1603 595 1666 per
615 1585 739 1662 Sangam
763 1583 888 1644 consilio
912 1586 1045 1664 cognito,
1075 1587 1181 1664 legatis
1204 1587 1402 1666 praecepit,5

196 1705 226 1756 ut
245 1695 367 1756 studium
391 1698 598 1757 coniurationis
622 1695 810 1755 vehementer
833 1695 981 1774 simulent,
1011 1706 1128 1758 ceteros
1150 1699 1268 1776 adeant,
1292 1696 1369 1756 bene

196 1807 408 1888 polliceantur,
445 1807 571 1887 dentque
600 1824 735 1886 operam,
774 1813 804 1863 ut
835 1824 888 1868 eos
923 1826 1006 1885 quam
1037 1827 1170 1870 maxume
1200 1811 1370 1870 manifestos

195 1919 330 1981 habeant.

279 2029 366 2091 XLll.
411 2030 507 2091 Isdem
534 2029 598 2089 iere
627 2025 807 2109 temporibus
835 2029 863 2087 in
892 2029 984 2090 Gallia
1014 2032 1152 2091 citeriore
1181 2040 1269 2109 atque
1298 2029 1369 2089 ulte·

195 2144 290 2218 riore,
314 2145 382 2201 item
401 2142 429 2200 in
452 2159 526 2218 agro
550 2140 673 2218 Piceno„
701 2140 828 2220 Bruttio,
851 2141 973 2223 Apulia,
1003 2153 1097 2202 motus
1120 2152 1192 2202 erat.
1237 2140 1402 2218 Namque2

195 2252 254 2329 illi,
285 2269 359 2329 quos
383 2261 450 2311 ante
472 2248 595 2309 Catilina
619 2250 778 2330 dimiserat,
811 2254 975 2313 inconsulte
1003 2272 1039 2313 ac
1061 2253 1151 2314 veluti
1179 2271 1232 2333 per
1253 2252 1368 2312 demen-

195 2437 354 2500 Sempronia
366 2437 561 2487 coniurationis
571 2439 682 2489 conscia
692 2444 761 2503 erut,
803 2456 855 2506 que
873 2446 977 2506 partem
1000 2440 1156 2504 volverent,
1187 2440 1297 2492 tandem
1314 2427 1395 2490 uicit‘

195 2518 348 2580 opportuna
366 2531 419 2564 non
440 2515 547 2566 luisset.
803 2537 834 2570 eu
855 2524 935 2585 rano,
967 2537 1031 2586 quae
1053 2537 1105 2570 curu
1128 2522 1235 2584 fortuna
1262 2519 1370 2581 reipubl.

229 2592 254 2641 o.
274 2593 397 2654 pollicitos
420 2608 522 2656 operum
539 2590 618 2658 suavia]
646 2592 681 2643 ci.
702 2592 759 2643 Cic.
800 2602 930 2649 coniuncta
946 2601 1005 2663 suit.

194 2668 223 2718 in
241 2668 301 2719 eac.
322 2671 453 2734 111‚2‚a.
475 2673 589 2734 Oonspert
606 2673 702 2736 legatos
713 2671 759 2720 At·
836 2680 861 2729 4.
879 2680 949 2728 cuius
958 2673 1111 2741 patrocinio]
1131 2669 1172 2726 Eo
1185 2679 1299 2740 patrono
1311 2678 1372 2723 ute·

194 2749 321 2814 lobt'oyttm
344 2749 402 2799 bellt'
423 2751 578 2812 transalpini
598 2755 623 2798 el
645 2751 761 2798 tumultus
801 2755 902 2804 bantur
917 2753 1089 2819 Allobroges,
1108 2755 1180 2820 quod
1199 2769 1215 2803 a
1233 2753 1265 2815 Q,
1282 2751 1370 2801 Fabio

192 2831 281 2894 gallici
300 2831 431 2879 excitandi
452 2845 544 2880 caussa
567 2845 584 2878 u
601 2829 634 2878 P.
654 2829 761 2878 Lentulo
802 2832 922 2882 Maximo
940 2833 969 2881 in
992 2832 1072 2882 fidem
1092 2831 1199 2896 accepti
1217 2833 1307 2890 erant3
1332 2827 1370 2896 cf.

194 2923 251 2958 esse
267 2909 424 2960 sollicitatos.
447 2909 484 2958 ib.
502 2908 534 2970 4,
553 2907 578 2958 9.
600 2907 668 2956 (tatu
689 2907 762 2961 dine-
804 2909 861 2959 Cic.
890 2908 922 2958 de
950 2909 1003 2960 0ff.
1026 2911 1054 2974 1,
1081 2911 1127 2973 ll,
1156 2910 1198 2960 35.
1227 2907 1371 2970 Tantopere

193 2995 252 3038 ruunt
278 2990 314 3038 tta
332 2988 425 3037 siti-
440 3003 495 3038 esse
515 2989 712 3050 praescriptum,
736 2992 763 3034 ut
803 2987 874 3048 apud
888 2995 988 3038 nostros
1006 2989 1100 3038 iustitia
1123 2990 1192 3037 matta
1214 2994 1266 3049 est,
1296 2991 1323 3034 ut
1342 2985 1371 3046 it,

193 3070 326 3132 equitatum
342 3068 367 3116 in
384 3066 484 3116 Italiam
502 3082 573 3130 quam
588 3067 694 3130 pva'nzunr
710 3067 763 3112 mit·
803 3066 846 3129 qui
862 3067 976 3114 nationes
990 3067 1100 3115 deuictus
1114 3064 1179 3116 bello
1197 3067 1222 3114 in
1236 3064 1311 3127 fidem
1326 3078 1371 3111 re·
1396 3095 1403 3106 ·

194 3152 287 3195 terent.
802 3146 938 3206 cepissent,
966 3160 1048 3194 corum
1072 3146 1175 3208 patroni
1196 3151 1280 3194 essent
1301 3158 1370 3193 ruore

230 3221 301 3277 XLI.
322 3228 347 3276 2.
365 3228 390 3274 in
406 3229 488 3276 attera
499 3223 585 3289 purte]
607 3223 706 3288 Legati
720 3238 762 3272 ra·
802 3225 929 3273 mutuum.

194 3304 284 3353 tiones
308 3302 475 3365 pensabant,
504 3316 574 3365 quae
603 3301 676 3364 ipsos
704 3303 761 3349 tum
838 3301 864 3350 5.
887 3299 990 3348 consitio
1013 3296 1120 3364 cognito]
1149 3315 1188 3349 sc.
1215 3297 1371 3348 coniurato-

197 3379 232 3429 ad
247 3379 393 3428 iuvandam
407 3377 636 3440 coniurationem,
656 3375 760 3427 turned
802 3392 860 3426 rum
881 3374 1041 3440 Allobroges
1065 3377 1094 3424 in
1113 3391 1176 3426 suus
1199 3379 1291 3440 partes
1309 3387 1372 3438 per-

195 3455 377 3520 detcgendam
399 3449 583 3506 hortarentur.
618 3456 651 3504 In
669 3455 761 3504 eoniu-
802 3454 918 3504 ducendi
936 3457 963 3503 et
978 3455 1015 3505 ad
1032 3453 1133 3503 bellurn
1151 3453 1317 3504 concitandi.
1376 3453 1382 3458 “

195 3539 315 3584 natorum
333 3537 424 3596 partes
443 3548 489 3582 eos
503 3531 630 3582 trahebat
644 3549 688 3582 aes
700 3535 760 3582 ulie·
833 3533 978 3596 praecepit,
995 3540 1023 3581 ut
1034 3557 1070 3567 --
1080 3529 1203 3596 simulent]
1217 3548 1243 3581 v.
1258 3530 1293 3580 ad
1304 3528 1365 3579 Oet.

194 3629 250 3663 nun
268 3625 349 3671 suum,
367 3609 472 3658 studium
488 3610 559 3671 betti,
578 3615 685 3674 sperata
699 3626 761 3660 sonr-
799 3610 848 3672 32,
868 3611 893 3659 2.

194 3689 268 3739 moda
286 3702 321 3736 en
339 3687 458 3743 steterim
480 3690 510 3736 ut
528 3688 681 3737 indicarent
698 3703 761 3756 eosg-
835 3687 979 3749 manifestos
998 3683 1117 3750 babeant]
1142 3687 1161 3734 i.
1185 3701 1208 3735 e.
1234 3681 1312 3750 quasi
1337 3684 1365 3731 in

193 3764 372 3825 iurationem,
404 3764 589 3814 incitabantur
612 3781 658 3828 eo,
687 3765 760 3829 quod
801 3761 861 3826 ipse
878 3777 907 3812 re
929 3762 1076 3826 deprensos
1098 3766 1225 3826 teneant,
1249 3763 1306 3812 sive
1325 3765 1365 3810 ta-

193 3843 325 3894 videbant
358 3855 441 3890 renum
471 3843 625 3904 pmuutuvwn
658 3857 760 3893 suanum
799 3841 838 3889 lia
860 3836 1055 3891 coniurationis
1084 3839 1175 3890 factae
1192 3839 1365 3890 'documenta

196 3919 380 3973 condicionem
406 3934 438 3968 ea
461 3934 490 3968 re
511 3919 539 3968 in
562 3920 657 3970 melius
674 3925 760 3970 muta·
800 3918 854 3967 sibi
868 3918 992 3982 praeberi
1006 3917 1148 3980 studeant,
1167 3922 1199 3967 ut
1216 3915 1364 3966 coniuratis

194 4003 253 4050 tum
271 3999 320 4060 iri,
347 3995 408 4047 nibil
424 3997 533 4057 periculi
558 3997 610 4046 sibi
635 3998 706 4059 fore,
736 3997 760 4048 si
799 3986 874 4037 nulla
904 3985 1023 4052 negandi
1053 3991 1101 4036 aut
1126 3985 1258 4037 evadendi
1285 3984 1364 4048 copie

195 4091 256 4125 eum
271 4065 516 4134 senetufacerent,
532 4071 661 4138 denique,
675 4090 757 4140 quum
800 4063 846 4112 Sil·
1328 4099 1331 4106 =

194 4150 259 4200 belli
286 4153 399 4200 eventus
424 4149 543 4200 incertus
571 4156 658 4214 esset,
687 4160 759 4203 certa
835 4148 924 4198 XLII.
944 4148 968 4197 1.
988 4145 1062 4213 apro]
1088 4146 1212 4197 Pertinet
1225 4144 1292 4194 haec
1307 4159 1364 4202 ,vox

193 4230 308 4289 praetuta
325 4226 377 4277 sibi
396 4227 537 4277 ostentari.
801 4223 884 4274 etium
901 4224 936 4274 nd
954 4225 1065 4275 Bruttio.

230 4301 255 4353 3.
284 4303 358 4351 Haec
374 4305 425 4352 itin
441 4305 591 4354 uoluentibus
609 4302 673 4368 ete]
690 4303 759 4366 ¹Seru
834 4301 922 4367 motus]
950 4300 1147 4365 Intelligendus
1177 4297 1285 4348 videtur
1311 4308 1366 4344 no'n

195 4393 241 4430 sus
255 4381 310 4428 est:
327 4389 408 4442 quum
423 4375 472 4427 has
484 4380 603 4430 rationes
619 4381 648 4428 in
659 4383 759 4430 utram·
801 4382 856 4428 tam
878 4377 972 4441 plenus
995 4377 1142 4438 tumultus,
1171 4390 1252 4440 quam
1275 4385 1365 4422 rarum
