3028 4852
209 290 250 352 26
294 305 567 355 rnonnuouuun.
607 307 683 356 cnr.
706 309 743 356 11.
788 309 836 356 os
858 309 1041 358 succussu
1062 309 1217 360 scamnis
1240 304 1301 361 etc.

210 463 378 545 prooemio,
416 481 473 543 quo
503 483 590 544 supra
619 475 760 544 repetens
785 466 893 527 bellum
924 467 1035 528 sociale
1064 478 1093 529 et
1121 469 1269 530 Sullanum
1299 471 1392 531 civile

209 577 339 638 breviter
361 575 564 655 persequitur,
590 577 682 655 primo
705 575 780 636 libro
802 577 902 657 Lepidi
926 577 1042 656 turbas,
1067 580 1192 640 Sertorii
1212 600 1261 642 res
1283 591 1390 658 gestas

210 705 303 767 usque
325 686 360 747 ad
381 686 513 765 Pompeii
534 687 562 744 in
583 684 751 765 Hispaniam
775 687 945 766 adventum,
970 687 1078 748 bellum
1101 689 1321 752 Macedonicum
1346 692 1384 752 ab

211 799 290 879 App.
312 797 432 860 Claudio
455 807 569 875 gestum
593 806 621 856 et
639 796 671 856 P.
692 799 807 860 Servilii
827 799 1044 878 expeditionem
1067 809 1167 861 contra
1191 802 1300 880 piratas
1320 820 1384 862 sus-

212 920 326 991 ceptum
352 909 489 970 narravit.
534 907 669 970 Secundo
695 907 785 986 libro,
814 908 949 970 absoluto
977 909 1096 969 tumultu
1118 910 1284 991 Lepidauo,
1314 915 1384 975 Ser·

212 1023 279 1082 torii
299 1040 362 1082 cum
382 1019 522 1098 Pompeio
546 1029 575 1079 et
589 1019 709 1080 Metello
730 1038 859 1100 pugnas,
883 1019 991 1080 bellum
1012 1020 1231 1083 Macedonicum
1251 1035 1267 1083 a
1285 1024 1384 1085 Scrib.

211 1132 354 1209 Curione,
385 1131 535 1211 piraticum
558 1147 574 1189 a
595 1130 721 1190 Servilio
742 1130 952 1207 continuatum,
983 1131 1062 1191 initia
1085 1131 1270 1196 Mithridatici
1293 1137 1384 1213 tertii,

211 1245 239 1306 in
263 1243 333 1303 urbe
356 1242 477 1318 famem,
508 1239 624 1318 turbas,
655 1239 834 1322 tribunorum
857 1239 1070 1301 concitationes
1100 1243 1135 1302 de
1165 1253 1310 1322 potestate
1332 1245 1385 1306 tri·

211 1353 328 1415 bunicia
353 1352 532 1413 restituenda
557 1351 729 1430 complexus
755 1360 810 1411 est.
855 1351 954 1410 Tertio
984 1349 1059 1410 libro
1083 1361 1236 1413 contentus
1258 1353 1311 1414 huit
1337 1355 1384 1414 fu-

210 1472 311 1526 nestus
332 1463 454 1524 Sertorii
476 1462 587 1539 exitus,
611 1445 739 1538 flagrans
759 1460 866 1521 bellum
883 1459 1105 1521 Mithridaticum
1128 1481 1220 1542 usque
1242 1463 1277 1524 ad
1299 1466 1386 1542 regis
1412 1487 1416 1492 ·

210 1575 309 1653 fugam
331 1574 366 1636 ad
389 1570 514 1650 Gabira,
545 1570 680 1633 Curionis
702 1572 730 1631 in
750 1570 922 1632 Macedonia
943 1586 1122 1650 progressus
1150 1572 1185 1633 ad
1206 1573 1384 1652 Danubium,
1434 1633 1438 1640 ,

211 1703 304 1763 segne
326 1685 364 1745 hd.
392 1682 508 1744 Antonii
537 1692 638 1744 contra
666 1684 790 1762 piratas,
826 1682 1026 1758 gravissimum
1059 1681 1088 1741 in
1116 1682 1197 1744 ltalia
1228 1703 1384 1746 servorum
1500 1582 1504 1838 ]

210 1795 334 1874 bellum,
357 1794 482 1882 denique
502 1793 673 1854 tribuniciae
698 1793 898 1851 contentiones
924 1792 1019 1851 acrius
1042 1811 1126 1872 quam
1149 1804 1234 1855 antea
1255 1797 1285 1856 in
1305 1797 1382 1857 urbe
1501 1831 1502 1837 κ

210 1915 315 1968 motae.
360 1906 486 1982 Quartus
516 1904 591 1964 liber
613 1901 711 1963 habuit
733 1904 883 1962 continuus
904 1901 1015 1962 Luculli
1039 1902 1074 1963 de
1096 1904 1259 1966 Mithridate
1289 1906 1381 1968 victo-

210 2019 282 2094 rias,
314 2015 418 2095 quibus
448 2015 498 2075 ille
531 2014 567 2074 ad
593 2013 714 2074 Arsacis
741 2013 876 2074 auxilium
902 2014 1057 2093 petendum
1084 2014 1270 2094 adigebatur,
1308 2015 1382 2076 belli

176 2109 179 2115 ’
211 2125 345 2187 Thracici
369 2135 398 2186 et
425 2124 541 2186 servilis
564 2125 669 2202 finem,
699 2122 830 2203 Pompeii
853 2123 1033 2183 consulatum
1056 2134 1085 2184 et
1112 2126 1271 2186 restitutam
1294 2136 1379 2206 pote·

213 2245 315 2296 statem
337 2235 527 2297 tribuniciam.
572 2235 678 2310 Quinto
700 2233 824 2312 denique
847 2232 939 2310 libro,
962 2234 1082 2314 reliquis
1100 2235 1186 2295 bellis
1205 2245 1234 2296 et
1252 2236 1379 2296 motibus

213 2349 399 2426 compositis,
437 2345 547 2405 Luculli
575 2354 680 2406 tantum
711 2362 760 2403 res
789 2343 929 2403 adversas
963 2345 991 2404 in
1020 2344 1090 2405 Asia
1128 2348 1279 2426 exposuit,
1314 2367 1379 2408 cum

214 2474 323 2517 summo
346 2457 467 2536 imperio
489 2455 628 2535 Pompeio
649 2455 718 2533 lege
740 2453 856 2517 Manilia
880 2455 946 2515 dato
970 2473 1044 2534 opus
1067 2457 1234 2516 terminans.
