3024 4852
466 320 657 368 ruauarae.
688 320 717 367 c.
741 320 863 368 xxxvr.
885 319 1021 367 xxnvn.
1264 307 1323 368 165

151 495 201 537 rae
226 495 345 538 caussas
367 478 482 547 iacere;
510 476 646 556 polliceri
668 474 841 536 deditionem
863 495 899 536 ac
921 477 1026 538 deinde
1046 486 1151 537 metum
1174 475 1320 552 simulare,

152 587 259 647 cedere
282 589 396 649 instanti
419 596 448 647 et
471 587 558 666 paulo
583 595 664 666 post,
694 605 730 646 ne
753 588 796 647 sui
819 587 1001 664 dilbderent,
1033 587 1159 655 instare:
1189 588 1228 646 ita
1250 585 1321 646 belli

119 699 251 774 3modo,
278 696 365 758 modo
397 699 479 776 pacis
501 715 580 758 mora
610 669 760 756 consulem
787 697 938 757 ludificari.
989 697 1034 758 Ac
1057 697 1157 774 luere,
1188 697 1235 775 qui
1263 705 1320 756 tum

149 808 283 868 Albinum
306 807 380 866 haud
407 809 537 885 ignarum
564 806 668 867 consili
692 809 774 884 regis
801 807 1026 884 existumarent,
1056 825 1151 885 neque
1184 824 1221 866 ex
1243 815 1319 866 tanta

149 919 335 998 properantia
362 926 419 977 tam
447 917 535 978 facile
564 926 684 979 tractum
710 917 817 976 bellum
846 917 984 978 socordia
1012 917 1105 994 magis
1136 934 1220 996 quam
1250 915 1319 975 dolo
1422 944 1426 954 ·

149 1029 312 1088 crederent.
363 1028 421 1088 Sed
445 1037 598 1107 postquam
625 1027 740 1106 dilapso
764 1036 897 1104 tempore
921 1028 1101 1088 camillorum
1129 1027 1191 1087 dles
1211 1025 1318 1084 adven·

147 1138 241 1215 tabat,
264 1137 403 1215 Albinus,
427 1137 504 1198 Aulo
527 1137 617 1196 lratre
637 1139 665 1196 In
688 1138 791 1198 castris
815 1145 1028 1216 propraetore
1052 1137 1173 1213 relicto,
1199 1137 1318 1197 Romam

146 1249 284 1309 decessit.

225 1359 380 1421 XXXVII.
425 1358 466 1420 aa
496 1366 669 1437 tempestate
698 1359 811 1419 Romae
840 1356 1029 1418 seditionibus
1053 1356 1213 1418 tribuniciis
1241 1364 1317 1416 atro·
1365 1349 1373 1360 '

118 1471 222 1529 aciter
243 1468 410 1547 respublica
433 1468 605 1546 agitabatur.
650 1468 682 1528 P.
704 1468 841 1528 Lucullus
869 1479 898 1528 et
919 1469 950 1528 L.
973 1469 1099 1544 Annius,
1127 1467 1232 1528 tribuni
1255 1465 1316 1545 ple-

145 1578 207 1656 bIs,
231 1579 433 1639 resistentibus
456 1579 597 1656 collegis,
622 1579 791 1638 continuare
812 1580 1009 1656 magistratum
1031 1579 1210 1654 nitebantur,
1242 1595 1316 1656 quae

117 1689 292 1750 adissensio
313 1691 402 1750 totius
429 1691 494 1750 anni
520 1690 635 1750 camilla
663 1688 849 1767 Impediebat.
893 1690 935 1750 Ea
964 1707 1045 1750 mora
1071 1691 1099 1749 in
1125 1707 1207 1768 spem
1228 1686 1316 1748 addu-

144 1809 207 1859 ctus
226 1799 335 1876 dulus,
369 1819 454 1880 quem
483 1809 696 1879 propraetore
723 1800 750 1858 in
778 1802 881 1859 castris
906 1800 1039 1860 reIIctum
1067 1819 1156 1878 supra
1181 1797 1314 1872 diximus,

143 1919 191 1970 aut
212 1911 385 1970 coniiciundi
408 1910 478 1970 belli
498 1919 546 1970 aut
568 1919 682 1970 terrore
703 1911 851 1978 exercitus
875 1908 912 1969 ab
936 1928 1009 1987 rege
1033 1911 1174 1989 pecuniae
1196 1908 1314 1985 capiun-

105 2098 108 2105 .
144 2019 215 2097 dac,
249 2021 354 2080 milites
382 2038 481 2079 mense
504 2018 637 2080 Ianuario
667 2038 704 2078 ex
730 2019 860 2080 hibernIs
892 2021 920 2080 in
950 2020 1166 2100 extraditionem
1197 2027 1313 2094 evocat,

142 2131 312 2209 magnisque
339 2130 506 2207 itineribus,
532 2130 629 2190 hieme
657 2147 780 2208 aspera,
810 2132 944 2209 pervenit
970 2132 1006 2192 ad
1035 2130 1172 2211 oppidum
1201 2126 1313 2205 Suthul,

114 2240 191 2300 dubi
214 2242 294 2318 regis
317 2241 445 2302 thesauri
471 2249 561 2302 erant.
607 2239 692 2314 Quod
716 2258 888 2320 quamquam
918 2252 947 2301 et
971 2243 1090 2304 saevitia
1114 2242 1255 2321 temporis
1285 2249 1314 2299 et

142 2353 359 2430 opportunitate
379 2351 437 2412 loci
452 2369 547 2430 neque
566 2350 632 2428 capi
645 2369 740 2429 neque
757 2351 887 2413 obsideri
903 2363 1018 2433 poterat
1031 2357 1111 2435 (nam
1127 2353 1234 2412 circum
1255 2369 1312 2410 mu-

139 2480 218 2538 rum,
241 2463 323 2521 situm
342 2464 370 2522 in
385 2462 534 2542 praerupti
552 2461 658 2520 montis
677 2471 824 2540 extremo,
846 2464 981 2542 planities
998 2465 1099 2526 limosa
1122 2461 1313 2524 hiemantibus

138 2649 173 2699 ad
196 2649 266 2698 baud
284 2652 409 2714 ipsoram
433 2650 533 2714 quippe
556 2648 702 2714 opponitur
784 2659 884 2702 terrore
912 2651 1054 2717 exerc-itus]
1090 2651 1109 2700 i.
1140 2667 1164 2700 a.
1198 2653 1311 2710 terrore,

135 2730 264 2790 posterior
281 2727 374 2777 Albini
398 2729 468 2777 ratio
488 2729 619 2790 prioribus
643 2728 701 2777 eius
743 2743 824 2793 quem
844 2731 979 2780 exereitus
995 2743 1061 2778 suus
1080 2725 1230 2791 Iugurthae
1249 2726 1309 2774 inii-

138 2804 269 2867 eonsiliis,
291 2804 425 2868 principio
444 2804 509 2854 belli
526 2805 611 2853 initis.
743 2811 826 2856 caret.

172 2924 207 2957 ea
231 2915 302 2956 tanta
321 2905 499 2972 properantia]
529 2923 556 2956 v,
582 2906 618 2956 ad
641 2906 702 2958 cat.
778 2898 855 2948 bieme
873 2897 978 2962 aspera]
999 2897 1076 2945 Haec
1093 2896 1121 2944 vi
1138 2894 1307 2944 enunciatio-

138 2988 169 3049 4,
195 2986 218 3035 1.
745 2975 787 3024 nis
807 2975 982 3026 concessivae
1000 2974 1039 3022 Ita
1052 2972 1190 3037 pertinent
1207 2970 1243 3019 ad
1256 2987 1307 3019 asa-

685 3091 702 3141 ἆ
742 3057 800 3117 pals
819 3067 927 3114 vocem,
947 3055 978 3100 ut
997 3065 1093 3098 senatis
1113 3049 1161 3098 sit:
1181 3049 1306 3112 quamvis

619 3108 645 3141 γ’
667 3107 683 3142 a
744 3130 830 3179 hiems
848 3145 944 3191 aspera
962 3131 1046 3188 esset,
1066 3142 1136 3191 quac
1152 3127 1206 3175 iter
1223 3127 1306 3190 impe-

745 3206 829 3270 diret,
854 3209 946 3255 tamen
969 3207 1064 3268 raapnia
1082 3203 1224 3253 itineribus
1247 3219 1306 3268 per-

171 3275 320 3324 emnitiorara
338 3270 402 3338 dies]
438 3271 554 3322 Comitia
576 3272 702 3322 creandis
743 3285 818 3335 venit
837 3287 891 3334 etc,

136 3352 293 3406 consulibus
324 3355 444 3401 extrema
472 3354 578 3400 aestate
605 3350 701 3402 haberi

136 3433 271 3484 solebant.

171 3098 198 3146 4.
222 3102 355 3158 postquam
372 3120 407 3129 —
424 3090 587 3158 adventabat]

136 3172 197 3237 Iug.
217 3170 263 3234 13,
283 3172 307 3222 5.

778 3389 804 3436 4.
829 3400 908 3450 nepote
929 3384 988 3446 capi
1006 3397 1084 3446 aeque
1102 3380 1223 3447 obsideri]
1244 3383 1262 3430 i.
1280 3397 1303 3432 e.

742 3477 828 3527 neque
848 3463 934 3526 primo
953 3461 1054 3525 impetu
1073 3459 1236 3523 expugnari,
1260 3474 1305 3510 ne-

169 3536 236 3585 Aalo
253 3559 288 3570 —-
302 3526 498 3596 propraetore]
516 3528 568 3577 I’ro
576 3537 700 3590 praetore
742 3555 796 3608 que
815 3535 1025 3589 circumvallari,

135 3630 195 3665 esse
213 3611 358 3662 dicebatur
375 3607 498 3672 legatus,
522 3605 566 3655 cui
584 3606 698 3671 impera.

135 3697 186 3754 tor,
208 3690 272 3740 dum
289 3688 347 3752 ipse
366 3686 476 3745 aberat,
494 3698 629 3732 summum
647 3683 696 3731 im-

118 3769 236 3835 'perium
249 3764 390 3824 tradebat3
409 3762 446 3812 cf.
464 3761 526 3824 Iug.
544 3761 602 3822 103,
621 3765 646 3811 4.
661 3789 696 3798 -

133 3849 248 3912 Lepatas
266 3842 365 3892 dicitur
382 3837 468 3888 Aulus
487 3853 511 3885 c.
532 3835 580 3898 38,
602 3839 624 3887 I.

774 3643 799 3690 t'a
814 3641 953 3703 praesepti
972 3639 1059 3688 rrsontis
1079 3631 1200 3698 extremo]
1229 3632 1306 3681 Inso-

738 3716 838 3767 lentius
867 3716 1036 3766 substantivi
1063 3715 1202 3777 potestate
1229 3709 1303 3772 posi-

739 3800 797 3844 tum
814 3803 963 3848 extremum
981 3789 1189 3854 cf.1ug.90,1.
1208 3788 1302 3836 Aesta-

739 3874 772 3923 tis
789 3871 958 3921 em'tremum
974 3876 1040 3916 erat.
1059 3866 1103 3925 93,
1119 3869 1143 3915 2.
1165 3865 1210 3914 Aa
1226 3881 1305 3914 aare·

167 3955 308 4009 XXXVII.
329 3955 352 4020 l.
377 3951 420 4000 Ea
437 3947 593 4013 tempestate]
624 3949 695 3999 Anni
738 3966 812 3999 masor
830 3949 919 3997 montis
942 3961 1061 4010 opressus
1084 3952 1129 3995 est.
1158 3945 1233 3994 Hist.
1253 3943 1299 3992 Fr.

134 4037 194 4088 110.
215 4050 240 4085 a.
259 4033 322 4083 Chr.
342 4047 370 4080 n.
391 4028 477 4079 altera
495 4032 583 4092 parte.
738 4027 782 4089 11,
804 4023 862 4076 103.
881 4040 908 4073 v.
927 4022 963 4072 ad
981 4024 1042 4088 Iug.
1061 4021 1109 4084 48,
1129 4021 1155 4072 3.
1174 4019 1300 4069 Ceterum

737 4109 762 4156 in
784 4107 871 4153 moritis
892 4109 959 4152 extr.
987 4105 1028 4152 est
1052 4103 1077 4150 ia
1101 4114 1191 4151 sumac
1213 4099 1302 4148 monas

168 4143 194 4196 3.
213 4143 256 4192 Ea
274 4138 355 4205 mora]
383 4155 421 4190 sc.
440 4137 513 4202 quod
534 4141 561 4187 at
581 4134 695 4185 Albinus
737 4183 859 4247 maraine,

131 4219 269 4285 impeditis
295 4217 414 4268 comitiis
437 4217 540 4266 Romae
560 4211 695 4262 retinebe-

132 4302 191 4360 tur,
209 4311 296 4360 neque
313 4310 401 4344 novus
421 4292 515 4344 consul
533 4285 561 4341 in
575 4290 696 4340 Africam
770 4279 943 4348 hiemantibus]
962 4281 980 4332 i.
995 4297 1019 4332 a.
1037 4295 1086 4345 per
1103 4279 1217 4328 hiemem
1237 4290 1300 4326 een·

132 4374 225 4425 venire
244 4375 361 4439 poterat.
738 4362 893 4414 fluentibus.
