3024 4852
546 261 739 312 mcumun.
769 263 799 312 c.
823 263 871 313 x1.
895 266 958 314 xrr.
1278 258 1338 320 135

138 416 297 493 educitur,
319 415 457 494 Iugurtha
480 418 567 478 foret.
602 418 675 480 Dein
697 427 808 497 tamen,
833 429 862 480 ut
879 421 967 483 aetati
985 421 1180 499 concederet,
1201 422 1340 500 fatigatos

136 531 181 586 he
205 527 315 604 fratre,
344 528 393 586 vix
422 529 449 588 in
472 538 584 610 partem
612 529 733 590 alterurn
758 530 943 610 transductus
972 541 1026 593 est.
1070 531 1115 594 lhi
1143 551 1229 612 quum
1250 534 1338 595 multa

164 637 201 698 de
224 637 449 699 administrando
473 640 596 720 imperio
617 640 811 718 dissererent,
835 641 974 719 Iugurtha
996 644 1071 704 inter
1093 644 1165 706 alias
1187 665 1237 707 res
1260 646 1336 723 iacit,

164 758 306 826 oportere
333 751 510 829 quinquenni
540 750 672 812 consulta
695 760 724 811 et
747 750 867 812 decreta
898 754 992 815 omnia
1022 754 1166 826 rescindi;
1196 774 1261 817 nam
1282 775 1337 835 per

132 865 197 918 tea
219 861 541 938 tempora-coniectum
563 861 644 922 annis
667 860 819 938 Micipsam
842 880 943 941 parum
966 863 1059 924 animo
1082 864 1220 926 valuisse.
1265 865 1335 926 Turn

161 969 237 1056 idern
258 968 407 1050 Hiempsal
430 971 551 1050 placere
581 972 635 1032 sihi
657 970 824 1050 respondit;
855 990 920 1031 nam
942 974 1036 1052 ipsum
1054 973 1133 1034 illum
1153 973 1244 1034 trihus
1267 993 1334 1052 pro-

133 1080 255 1140 txumis
282 1081 364 1141 aunis
391 1081 580 1160 adoptatione
609 1082 638 1140 in
661 1098 783 1157 regnum
813 1083 996 1159 pervenisse.
1047 1082 1132 1159 Quod
1159 1083 1279 1144 verbum
1306 1085 1335 1144 in

131 1199 265 1268 spectus
283 1189 441 1268 Iugurthae
464 1191 566 1268 altius,
590 1208 675 1269 quarn
698 1192 849 1270 quisquam
869 1202 948 1254 ratus
970 1202 1049 1270 erat,
1073 1175 1234 1254 descendit.
1279 1193 1333 1254 lta·

159 1317 217 1378 que
246 1320 284 1360 err
307 1319 344 1361 eo
370 1311 505 1380 tempore
536 1302 579 1361 ire
605 1309 634 1360 et
655 1309 733 1360 metu
760 1303 861 1362 anxius
889 1302 999 1381 molhi,
1029 1289 1151 1383 parare,
1181 1310 1268 1381 atque
1298 1323 1333 1364 ea

158 1409 245 1472 modo
273 1429 337 1471 oum
366 1413 460 1472 animo
492 1410 618 1488 hahere,
649 1409 753 1489 quibus
777 1411 927 1491 Hiempsal
956 1431 1010 1492 per
1037 1412 1133 1473 dolum
1165 1423 1358 1504 caperetnry

159 1522 240 1597 Quae
277 1520 325 1580 uhi
354 1521 463 1582 tardius
492 1520 655 1600 procedunt
688 1539 784 1600 neque
815 1523 920 1584 lenitur
956 1523 1065 1584 animus
1092 1523 1196 1613 ierox,
1234 1523 1333 1584 statuit

159 1631 371 1710 quovismodo
393 1633 539 1712 inceptum
563 1632 720 1710 perlicere.

240 1741 305 1804 XII.
350 1742 450 1803 Prhno
469 1750 631 1818 conventu,
664 1760 749 1820 quern
775 1742 811 1802 ah
833 1740 944 1817 regulis
970 1741 1077 1800 iactum
1105 1759 1194 1818 supra
1223 1759 1330 1803 memo·

136 1892 139 1897 -
155 1853 234 1930 ravi,
257 1860 381 1932 propter
400 1852 613 1913 dissensionem
632 1852 784 1933 placuerat
802 1849 889 1909 dividi
909 1850 1063 1910 thesauros
1083 1851 1206 1928 finisque
1226 1852 1330 1930 imperi

129 1963 281 2040 tsingulis
305 1963 449 2024 constitui.
493 1963 594 2042 Itaque
617 1970 730 2042 tempus
754 1960 790 2019 ad
814 1969 964 2040 utramque
986 1976 1048 2016 rem
1069 1958 1252 2037 decernitur,
1277 1961 1330 2022 sed

153 2075 291 2133 maturius
316 2071 352 2132 ad
379 2072 532 2150 pecuniam
560 2068 795 2132 distribuendam.
839 2067 946 2145 Reguli
974 2067 1085 2128 interea
1113 2071 1141 2128 in
1164 2069 1231 2130 loca
1260 2090 1327 2150 pro·

124 2185 262 2263 3pinqua
290 2183 435 2244 thesauris
465 2181 538 2242 alius
561 2181 619 2242 alio
650 2197 839 2239 concessere.
891 2176 950 2238 Sed
977 2178 1128 2257 Hiempsal
1157 2180 1186 2239 in
1215 2181 1325 2260 oppido

154 2293 298 2356 Thirmida
324 2295 402 2355 forte
430 2293 493 2352 eius
517 2291 603 2352 domo
627 2289 775 2366 utebatur,
806 2289 855 2366 qui
880 2306 1038 2368 proxumus
1058 2288 1145 2350 lictor
1167 2289 1324 2368 Iugurthae

153 2423 239 2467 carus
258 2413 458 2484 acceptusque
479 2402 506 2462 ei
527 2419 645 2480 semper
661 2399 773 2470 iuerat;
798 2418 883 2478 quem
905 2399 955 2458 ille
976 2417 1046 2459 casu
1066 2401 1224 2461 ministrum
1243 2399 1324 2460 ohla-

151 2525 209 2575 tum
232 2515 383 2595 promissis
404 2521 506 2575 onerat
528 2508 724 2589 impellitque,
756 2509 795 2567 uti
817 2516 961 2588 tamquam
983 2528 1062 2570 suam
1084 2512 1183 2571 visens
1211 2510 1325 2570 domum

147 2635 216 2703 veat,
246 2633 394 2704 portarum
424 2621 516 2682 clavis
540 2617 715 2679 adulterinas
737 2626 821 2696 paret
849 2620 930 2697 (nam
953 2638 1043 2679 verae
1066 2620 1102 2680 ad
1125 2619 1323 2698 Hiempsalem

185 2829 211 2880 3.
229 2823 355 2889 minumus]
372 2821 538 2872 Insolentius
554 2821 657 2870 dictum
666 2835 715 2884 pro
756 2819 829 2882 regis
846 2817 894 2867 filii
911 2818 954 2868 vel
971 2820 1112 2884 imperium
1125 2820 1245 2870 nondum
1260 2817 1325 2867 ade-

149 2909 265 2954 minamus
283 2910 359 2958 natm
378 2900 414 2949 cf.
434 2899 496 2948 Liv.
517 2898 547 2959 I,
567 2899 614 2960 53,
634 2898 659 2948 5.
755 2896 809 2961 pti,
829 2893 874 2944 vel
899 2911 984 2960 parvo
1002 2898 1116 2961 imperio
1131 2897 1264 2962 praediti;
1284 2895 1320 2946 cf.

182 2989 293 3030 materno
306 2991 400 3042 perere
418 2972 510 3038 impar]
536 2974 572 3024 of.
591 2990 615 3024 c.
636 2976 668 3036 5,
687 2977 713 3024 7.
757 2989 781 3023 e.
802 2973 844 3029 ll,
863 2975 889 3022 2.
910 2973 971 3023 Liv.
995 2974 1209 3037 xxv11,4,9.
1230 2975 1324 3038 Lepati

183 3061 209 3107 4.
228 3051 385 3116 concederet]
407 3051 591 3116 Oompositum
613 3052 715 3102 maiore
755 3057 781 3100 et
800 3051 863 3100 alios
880 3050 991 3113 Africae
1008 3054 1108 3116 requies
1126 3053 1200 3102 adire
1215 3051 1285 3102 iussi.

146 3135 175 3182 vi
193 3132 308 3191 dictum,
328 3143 409 3192 quam
427 3127 540 3191 simplex
554 3130 659 3184 cedere:
678 3128 714 3186 cf,
789 3135 814 3187 3,
835 3152 977 3198 promum,
998 3137 1080 3203 pretor]
1107 3139 1224 3189 Romani
1240 3152 1320 3202 quum

146 3213 206 3276 Iug·
229 3204 460 3268 14,'2t.102,o.
485 3204 713 3268 HillAEr-Itffi·
754 3214 872 3265 solerent
897 3221 956 3266 tum
981 3216 1096 3267 militiae
1124 3231 1191 3267 suae
1216 3215 1255 3280 (v.
1285 3214 1321 3264 ad

178 3285 340 3338 transductus
354 3281 402 3348 esi]
424 3283 596 3333 Germanice:
616 3286 716 3335 erliess
754 3291 815 3344 ont,
835 3293 883 3354 53,
908 3293 945 3360 3,)
970 3297 1028 3344 tum
1046 3295 1255 3359 magistratuum
1274 3307 1320 3342 vo.

144 3364 196 3415 siclt
212 3363 330 3427 brinyettt
349 3360 385 3410 cf·
404 3361 466 3424 lug·
485 3359 534 3423 85,
553 3359 596 3412 38·
754 3369 851 3420 cabula
870 3371 904 3421 ed
921 3376 1027 3422 exteras
1046 3375 1141 3436 gentes
1160 3369 1318 3434 transferre,

179 3437 292 3504 5·l‘1⁰²'ll
313 3438 332 3488 l·
350 3437 481 3488 0³0ffiler
498 3438 633 3502 proponit.
750 3449 824 3499 lictor
842 3449 939 3501 latiore
953 3464 1035 3499 sensu
1053 3453 1095 3498 est
1110 3450 1211 3499 satelles
1224 3464 1318 3497 rerum-

173 3532 267 3580 porum
286 3515 366 3565 animo
384 3511 505 3578 ualuisse]
532 3515 594 3565 Non
611 3513 711 3566 falsum
752 3543 798 3591 que
816 3535 928 3588 curator.
961 3526 1015 3587 Qui
1032 3526 1136 3575 Romae
1154 3526 1183 3574 in
1196 3525 1264 3592 sepio
1277 3525 1318 3574 in.

142 3593 170 3643 id
188 3593 274 3642 fnisse
291 3593 368 3656 patet
387 3605 419 3640 ⁰¹
432 3591 493 3654 1¹¹8·
513 3590 559 3654 65,
581 3593 604 3644 l·
749 3604 903 3655 cedentium
937 3603 1064 3653 lictorum
1105 3602 1217 3653 ultimus
1259 3606 1318 3651 erat

178 3673 203 3721 7·
221 3666 331 3733 verbum]
350 3668 378 3718 h·
397 3667 417 3718 Ῑ·
435 3667 506 3718 idem
523 3669 613 3735 ”leli
628 3675 711 3738 alque
750 3681 894 3746 ipsumque
916 3680 1108 3744 magistratum
1125 3677 1316 3742 praecedebat,

140 3751 264 3801 mnemia
283 3744 323 3812 (H
342 3746 529 3810 Aeussernmp).
701 3759 704 3766 '
746 3759 880 3821 proruimus
903 3755 1065 3814 vocabalum
1088 3754 1161 3802 unde
1183 3752 1210 3804 h.
1234 3753 1252 3802 l.
1277 3753 1317 3801 in-

176 3838 203 3889 8.
238 3851 291 3884 cum
326 3834 406 3882 animo
438 3829 543 3896 habere]
581 3831 712 3882 Similiter
750 3833 884 3898 telligitur
901 3831 940 3891 is,
960 3829 1006 3892 qui
1023 3844 1089 3894 prae
1106 3829 1203 3879 ceteris
1221 3829 1317 3892 Iugur-

76 3931 90 3945 *
142 3914 245 3964 dietum
263 3926 316 3960 cum
332 3911 413 3959 animo
431 3915 564 3971 reputare,
584 3908 646 3974 lug.
667 3909 708 3972 13,
750 3909 815 3959 thas
840 3922 883 3956 res
908 3905 1022 3955 emebat
1049 3908 1076 3954 et
1104 3904 1215 3971 negotia
1242 3919 1316 3953 exse-

141 3993 167 4042 5.
186 3990 234 4052 70,
254 3989 280 4038 5.
301 3987 361 4050 108,
381 3986 416 4050 3.,
435 4001 488 4035 cum
506 3988 586 4034 calmo
600 3990 708 4043 noluere,
751 3985 895 4050 quehatur.
932 3979 1057 4030 Ceterum
1081 3981 1150 4032 haee
1166 3980 1251 4029 verba
1268 3994 1316 4044 per

140 4070 202 4132 Iug.
225 4065 255 4127 6,
275 4066 318 4126 2.,
339 4079 391 4114 cnon
413 4065 493 4113 onirno
512 4062 708 4126 tralerc‚1ug.
749 4060 949 4129 appositionem
966 4057 1002 4106 ad
1020 4059 1062 4122 qui
1078 4056 1223 4122 pertinent.

142 4144 190 4206 93,
210 4143 235 4194 l·
254 4141 398 4206 Cogilatur
412 4141 440 4189 in
454 4140 496 4189 his
510 4139 615 4190 animus
628 4139 710 4204 quasi
784 4141 885 4208 onerat]
903 4142 1100 4192 Promissorum
1112 4139 1317 4204 amplitudinem

142 4219 229 4272 aller&
249 4231 375 4282 persona.
752 4229 779 4275 et
803 4223 1004 4274 multitudinem
1029 4221 1150 4270 declarat
1176 4219 1228 4269 hoc
1254 4234 1315 4269 ver-

176 4305 242 4356 XII.
264 4305 288 4354 l.
307 4303 339 4353 ab
355 4298 458 4368 repulia]
478 4301 570 4366 Repali
582 4299 709 4351 dicuntur
750 4302 828 4364 hum,
848 4301 884 4353 ef.
903 4301 965 4353 uin.
984 4299 1089 4362 XXIV,
1108 4298 1155 4362 13,
1173 4301 1199 4348 4.
1216 4298 1315 4348 Hanni-
