3028 4852
188 227 207 288 8
554 232 827 282 eaonnaousus.
873 231 949 280 css.
973 231 995 280 1.
1103 259 1108 272 .

187 395 304 456 nissima
343 394 370 451 in
401 409 521 472 pravum
559 389 763 468 detorquendo
799 389 942 468 praestari
977 398 1095 468 posset,
1132 387 1363 467 periclitaretur.

190 506 283 581 Quum
305 504 392 581 igitur
415 511 537 584 utraqqc
560 500 733 562 declamatio
755 500 825 561 nihil
849 499 925 560 aliud
947 500 998 576 sit,
1026 501 1082 560 nisi
1102 497 1276 560 miserabilis
1299 517 1364 558 um-

189 615 300 676 bratica
322 613 494 674 exercitatio
516 611 712 689 conviciandi,
740 611 799 671 hoc
821 619 917 671 tamen
940 612 1060 670 interest
1086 611 1163 670 inter
1183 610 1290 671 Lenaei
1313 629 1363 671 sa-

190 725 272 786 tiram
295 732 324 783 et
346 721 552 784 declamatoris
579 738 670 800 opus,
699 721 777 800 quod
806 721 857 782 ille
885 721 1008 782 consilio
1038 721 1157 798 saltem,
1187 739 1363 800 quamquam

189 834 335 911 maligno,
363 835 391 892 iu
414 832 580 893 Sallustium
599 833 734 910 scripsit,
765 830 812 892 hic
832 850 1005 911 personam,
1029 850 1114 910 quam
1134 832 1221 910 petit,
1246 851 1366 910 susque

189 945 284 1024 deque
307 943 436 1021 babens,
466 942 617 1003 voluntate
646 940 733 1019 plane
756 941 833 1001 nulla
861 942 989 1018 ducitur,
1016 943 1170 1021 animoque
1193 943 1364 1003 Sallustium

190 1055 277 1135 plane
298 1071 356 1114 non
378 1062 469 1115 aurat.
513 1053 586 1112 Nam
608 1068 694 1129 quum
715 1050 743 1110 id
765 1051 854 1110 unice'
870 1053 1053 1132 propositum
1074 1052 1209 1129 baberet,
1235 1062 1265 1123 ut
1282 1070 1364 1113 com·

190 1171 332 1244 poneret,
361 1181 553 1243 quaecuuque
588 1169 743 1240 proterve,
772 1161 935 1238 malitiose,
966 1162 1148 1242 impudenter
1174 1164 1201 1222 in
1223 1163 1365 1224 adversa·

188 1276 263 1337 rium
294 1273 351 1334 dici
378 1282 517 1354 possent,
548 1281 604 1332 tam
637 1288 736 1349 parum
764 1269 839 1331 haec
869 1282 970 1333 contra
999 1273 1166 1334 Sallustium
1193 1275 1286 1352 ipsum
1314 1282 1367 1334 aut

190 1384 365 1446 Ciceronem
385 1382 470 1461 dixit,
493 1393 523 1445 ut
546 1381 647 1444 eadem
667 1382 696 1440 in
719 1381 866 1459 quoslibet
889 1382 963 1444 alios
983 1383 1112 1444 dicturus
1135 1385 1254 1461 luisset,
1286 1401 1365 1463 quos

190 1511 337 1575 personas
372 1493 593 1556 conviciantium
627 1494 702 1552 inter
733 1511 767 1552 se
800 1491 945 1552 sustinere
987 1494 1043 1573 ipsi
1075 1493 1152 1554 forte
1190 1493 1363 1574 placuisset.

191 1607 285 1681 Quam
306 1603 432 1684 putidum
461 1605 535 1665 enim
559 1613 588 1664 et
609 1601 764 1663 absurdum
785 1601 821 1660 sit
841 1601 904 1662 eius
927 1604 1100 1681 institutum,
1130 1604 1178 1665 vel
1206 1622 1243 1664 eo
1269 1612 1365 1684 patet,

192 1715 271 1795 quod
287 1709 448 1775 =Sallustius
478 1715 542 1776 lere
565 1694 667 1774 eadem
691 1711 828 1773 Ciceroni
857 1711 971 1789 obiicit,
1003 1730 1078 1791 quaa
1106 1715 1153 1775 hic
1181 1716 1224 1776 illi
1251 1714 1366 1775 crimini

190 1826 253 1902 dat,
280 1834 309 1884 ut
339 1826 439 1906 paucis
466 1825 582 1886 mutatis
609 1821 832 1900 nominibusque
860 1825 1062 1902 transpositis,
1092 1843 1167 1903 quae
1195 1843 1271 1886 nuuc
1299 1825 1364 1885 Sal-

190 1936 269 1996 lustii
290 1945 335 1996 est
357 1937 385 1995 in
409 1933 584 1996 Ciceronem
609 1934 800 2009 declamatio,
832 1933 936 1994 eodem
964 1934 1026 1994 iure
1048 1934 1131 1994 buius
1156 1935 1184 1996 in
1209 1936 1304 2013 illum,
1334 1947 1366 1998 et

191 2055 311 2124 contra,
333 2063 402 2105 esse
423 2047 526 2124 possit.
572 2045 656 2120 Quae
675 2062 761 2122 quum
783 2046 822 2104 ita
842 2044 914 2120 sint,
938 2061 995 2104 non
1015 2045 1101 2105 modo
1118 2045 1295 2107 mediocrem
1315 2057 1365 2109 aut

190 2155 322 2232 dubiam,
352 2155 404 2215 sed
431 2155 537 2216 nullam
569 2154 684 2214 omnino
714 2155 959 2234 ineptissimarum
990 2153 1155 2218 libellorum
1182 2156 1267 2229 fidem
1294 2177 1364 2219 csse
1410 2139 1413 2145 ¹
1486 2185 1487 2196 ¹

193 2264 345 2345 possead
373 2264 501 2324 Sallustii
535 2281 633 2324 mores
663 2263 858 2341 infamandos,
895 2264 960 2324 luce
989 2264 1094 2325 clarius
1123 2275 1177 2326 est.
1227 2267 1267 2328 m
1294 2261 1387 2348 quid'

190 2374 298 2436 lactum
321 2371 471 2434 videmus?
510 2375 603 2450 Quum
625 2382 799 2454 personatus
816 2373 969 2435 Sallustius
986 2373 1123 2435 Ciceroni
1145 2377 1244 2438 obiicit
1263 2379 1366 2455 „utta

191 2503 259 2546 aum
284 2482 474 2564 dapitiasum
505 2485 633 2564 corpori
662 2503 719 2546 suo
738 2473 893 2563 putasse,
929 2485 1013 2564 quod
1040 2486 1134 2547 alteri
1160 2487 1362 2566 collibuisset,

192 2595 398 2674 eloquentiam
420 2594 593 2673 pudicitiae
613 2596 739 2656 iactura
759 2594 985 2673 perdidicisse,
1011 2616 1142 2658 usarmu
1163 2598 1362 2680 sacrilapam,

190 2705 289 2784 filiam
309 2705 421 2765 matris
440 2705 583 2784 pellicem
604 2704 762 2780 babere“,
784 2723 842 2766 non
866 2707 1001 2768 creditur.
1045 2707 1083 2767 At
1109 2725 1194 2786 quum
1217 2708 1292 2769 idem
1313 2709 1364 2770 de-

193 2816 350 2892 clamator,
384 2813 538 2876 Ciceronis
567 2832 723 2895 personam
752 2818 914 2894 sustinens,
950 2818 1116 2878 Sallustium
1151 2797 1364 2898 „impudicum

192 2933 221 2986 el
239 2929 432 3004 procacem“
451 2926 601 3006 appellat,
624 2925 815 3002 „immensae
834 2927 903 2988 eius
922 2928 1016 3008 polae
1035 2927 1273 3007 impudicissimi
1292 2949 1361 2991 aar·

189 3037 281 3114 poris
303 3044 463 3118 quaestum
490 3035 638 3115 sufficere
657 3055 719 3098 aaa
738 3036 905 3114 poluisse“
927 3038 1013 3115 dicit,
1041 3037 1289 3117 „cupiditatibus
1315 3040 1361 3100 iu-

190 3145 287 3224 fiuitis
308 3148 422 3208 elatum
443 3165 529 3222 esse,
554 3153 604 3222 ut,
628 3165 708 3226 quae
727 3148 796 3224 ipse
817 3147 945 3224 corpori
965 3167 1022 3210 suo
1044 3149 1150 3228 turpio
1170 3169 1232 3211 nou
1254 3150 1361 3211 dumis·

193 3261 256 3331 set,
280 3255 313 3315 ia
335 3257 407 3317 aliis
428 3257 648 3336 experiretur“
672 3260 800 3333 incusat,
828 3256 907 3317 docti
930 3258 1079 3336 homines,
1108 3260 1189 3339 quasi
1211 3262 1294 3320 testis
1316 3281 1361 3323 re·

194 3365 398 3443 ligiosissimus
421 3367 614 3427 testimouium
644 3369 782 3444 dixisset,
809 3367 939 3428 creduut.
991 3370 1083 3445 Quum
1114 3372 1268 3434 Sallustius
1297 3393 1361 3454 pcr-

193 3485 313 3536 sonatus
334 3475 477 3536 inimicum
499 3479 594 3555 arguit
617 3478 765 3555 „domum
785 3478 817 3538 oi
838 3485 868 3539 et
887 3480 1013 3558 rapinis
1034 3499 1254 3562 comparasse,
1286 3503 1359 3563 opu·

193 3586 319 3647 lentium
340 3605 380 3646 aa
398 3588 550 3668 saupuiue
572 3595 602 3650 et
621 3589 755 3650 mismiis
779 3588 891 3652 aicium
913 3591 1125 3670 quaesivisse,
1149 3592 1285 3674 linpuam
1306 3611 1360 3654 aa·

193 3715 285 3772 uam,
318 3715 431 3759 marsus
458 3698 702 3777 rapacissimas,
737 3699 842 3780 pulum
867 3700 1062 3779 immensam,
1093 3702 1192 3782 pedes
1218 3703 1359 3784 sapaces,

193 3824 275 3888 quae
302 3807 428 3870 boueste
452 3808 610 3871 aomiuari
633 3830 696 3872 uou
719 3818 868 3889 possuut,
903 3812 1153 3878 iuboucstissimo
1178 3814 1360 3892 tatuuse‘r,

194 3937 253 3979 nou
275 3918 410 3979 creditur.
455 3919 599 3998 acquum
620 3899 868 3982 Pseudo-Cicero
887 3933 984 3984 narrat
1005 3943 1097 4004 „eum
1117 3925 1239 3989 domum
1254 3932 1359 4004 pater·

192 4045 267 4088 uam
283 4029 354 4090 ciac
368 4035 464 4108 patre
484 4030 662 4110 turpissime
682 4031 821 4092 casalem
839 4031 1002 4110 badrtisse,
1025 4034 1126 4113 ipsum
1143 4044 1267 4117 patrem
1283 4040 1364 4100 mari

195 4138 349 4218 coepisse,
370 4140 511 4201 omuibus
528 4147 662 4202 matrum
681 4140 876 4220 familiarum
898 4144 977 4204 airis
999 4145 1170 4224 opprobrio
1189 4147 1307 4227 fumea,
1330 4148 1361 4208 iu

195 4255 303 4312 senatu
324 4249 510 4312 adulterium
531 4250 707 4334 consessum
728 4255 837 4330 esse‘i,
862 4255 966 4314 nemini
989 4274 1034 4316 ne·
1048 4256 1076 4315 iu
1099 4267 1224 4318 mentem
1247 4258 1359 4338 quidem
