3024 4852
179 235 217 298 78
580 244 610 292 c.
634 244 804 292 succussu
827 245 941 294 career

177 412 302 477 terrere,
331 415 388 478 quo
418 400 534 478 plebem
561 369 590 461 ib
617 403 785 479 magistratu
821 401 964 480 placidius
992 410 1159 462 tractarent.
1210 401 1269 461 Sed
1294 401 1376 462 ubi3

179 513 296 592 primum
319 508 414 570 dubiis
441 511 529 570 rebus
552 511 677 572 novandi
702 530 772 591 spes
800 510 897 573 oblata
920 521 979 591 est,
1008 523 1093 573 vetus
1116 521 1263 572 certamen
1285 514 1345 572 ani-

177 639 238 682 mos
263 639 363 680 eorum
388 624 506 682 arrexit.
551 623 636 700 Qurod
670 625 692 682 si
722 623 814 701 primo
845 623 959 701 proelio
984 622 1105 683 Catilina
1135 623 1272 702 superior
1296 626 1376 682 aut4

70 765 75 774 ·
177 751 266 811 aequa
295 749 379 792 manu
407 732 610 813 discessisset,
649 732 786 812 proiecto
814 751 917 809 magna
944 733 1044 794 clades
1075 743 1163 812 atque
1196 732 1344 793 calamitas

176 842 380 922 rempublicam
404 847 617 924 oppressisset;
646 861 742 922 neque
766 843 838 922 illis,
871 845 918 922 qui
944 845 1096 906 victoriam
1118 844 1217 923 adepti
1236 844 1343 921 forent,

176 954 277 1015 diutius
299 972 332 1014 ea
356 955 395 1014 uti
419 955 565 1034 licuisset,
588 955 656 1034 quin
675 953 801 1013 defessis
822 963 850 1014 et
873 954 1086 1033 exsanguibus,
1115 957 1163 1033 qui
1187 955 1253 1033 plus
1275 973 1342 1034 pos-

159 1061 235 1144 set,
271 1066 422 1144 imperium
452 1075 539 1144 atque
567 1064 730 1124 libertatem
764 1073 964 1143 extorqueret.
1014 1063 1110 1124 Fuere
1140 1075 1235 1124 tameo
1260 1065 1371 1122 extra5

153 1182 154 1186 ’
176 1177 405 1237 coniurationem
429 1175 611 1254 complures,
640 1177 689 1254 qui
713 1174 749 1235 ad
773 1173 923 1242 Catilinam
951 1174 1029 1233 initio
1056 1174 1183 1252 proiecti
1206 1184 1285 1243 sunt;
1313 1176 1341 1232 iu

149 1344 152 1348 .
175 1289 209 1346 ils
231 1295 293 1345 erat
309 1285 346 1345 A.
368 1285 502 1363 Fulvius,
527 1287 672 1346 senatoris
693 1286 783 1363 iilius,
815 1302 900 1362 quem
922 1293 1077 1344 retractum
1103 1304 1140 1344 ex
1167 1286 1269 1345 itinere
1292 1302 1340 1363 pa-

174 1415 242 1456 rens
264 1397 363 1455 necari
385 1397 475 1456 iussit.
525 1394 620 1457 Isdem
641 1394 822 1475 temporibus
844 1396 955 1456 Romae
978 1396 1128 1473 Lentulus,
1158 1395 1240 1455 sicuti
1263 1392 1367 1453 Cati-6

174 1507 230 1565 lina
253 1516 460 1586 praeceperat,
487 1525 678 1587 quoscunque
701 1506 830 1566 moribus
857 1515 905 1566 aut
925 1506 1040 1566 lortuna
1065 1508 1150 1565 novis
1169 1505 1258 1566 rebus
1280 1503 1340 1563 ido·

174 1634 247 1678 neos
277 1617 427 1696 credebat,
464 1610 592 1698 aut'per
623 1637 655 1677 se
681 1627 729 1677 aut
757 1635 811 1696 per
838 1617 914 1676 alios
945 1615 1134 1693 sollicitabat,
1170 1634 1265 1695 neque
1293 1633 1340 1674 so-

175 1729 231 1790 lum
259 1729 345 1808 civis,
375 1730 428 1790 sed
452 1732 591 1809 cuiusque
621 1728 699 1788 modi
727 1746 821 1805 genus
844 1727 1007 1804 homiuum,
1039 1727 1118 1806 quod
1145 1726 1232 1786 modo
1262 1724 1341 1784 bello
1442 1727 1453 1759 ⁸

174 1842 235 1902 usui
255 1842 343 1902 loret.

257 1951 316 2012 XL.
361 1951 453 2030 Igitur
476 1952 507 2012 P.
531 1952 680 2014 Umbreno
705 1950 815 2010 cuidam
838 1949 987 2026 negotium
1010 1946 1070 2025 dat,
1092 1947 1129 2006 uti
1153 1945 1269 2022 legatos
1290 1945 1341 2004 nt-

173 2062 326 2138 lobrogum
346 2065 487 2143 requirat,
519 2081 655 2141 eosque,¹
673 2063 697 2121 sl
718 2063 826 2141 possit,
853 2059 983 2138 impellat
1006 2057 1043 2117 ad
1067 2058 1238 2116 societatem
1259 2056 1338 2133 belli,

209 2265 254 2314 ppo
274 2251 369 2311 plebeus
381 2277 414 2286 -
426 2248 577 2316 tractarent]
602 2250 621 2301 i.
639 2265 661 2300 e.
684 2248 736 2298 hoc
811 2251 836 2298 4.
857 2263 935 2311 neque
951 2248 1014 2309 illis,
1035 2249 1077 2311 put
1093 2243 1156 2310 etc]
1173 2245 1271 2294 Totius
1289 2242 1344 2293 loci

176 2341 206 2376 eo
225 2327 338 2388 consilio
357 2327 511 2390 faciebant,
536 2333 567 2376 ut
589 2329 617 2376 hi
644 2329 735 2389 territi,
777 2326 914 2374 sententia
939 2328 995 2388 est,
1019 2321 1165 2373 Catilinam
1189 2339 1248 2373 oum
1275 2323 1343 2383 stris,

175 2405 198 2454 ai
219 2405 326 2467 quando
344 2381 589 2470 magistratumJi.
612 2422 635 2456 e.
653 2405 736 2455 tribu·
778 2403 886 2452 etiamsi
908 2403 987 2453 initio
1005 2403 1094 2452 vietor
1117 2403 1228 2464 sitisset,
1241 2407 1343 2450 'tamen

175 2485 282 2543 natum,
309 2483 403 2546 adepti
424 2487 528 2545 essent,
553 2483 657 2548 plebem
682 2498 736 2531 non
778 2479 852 2529 haud
868 2479 914 2529 diu
934 2481 1085 2546 potentiam
1104 2480 1144 2528 ita
1162 2483 1286 2542 paratam
1301 2492 1345 2526 re-

175 2559 202 2606 in
219 2559 293 2622 ipsos
311 2561 479 2624 excitarent,
503 2562 551 2611 sed
576 2576 636 2610 eam
654 2557 737 2624 placi·
777 2562 914 2608 tenturum
938 2559 1037 2620 fuisse;
1060 2558 1129 2608 alios
1155 2559 1225 2607 enim
1250 2561 1345 2624 poten-

175 2637 248 2699 dius‚
275 2637 294 2688 i.
317 2654 340 2688 e.
368 2637 514 2702 placidiore
540 2639 568 2687 in
591 2637 736 2701 optimates
778 2636 877 2699 tiores,
901 2637 1001 2701 quique
1018 2636 1097 2700 plebe
1115 2635 1211 2686 melius
1232 2636 1273 2685 uti
1291 2633 1344 2683 sci-

176 2715 276 2779 auimo,
300 2721 465 2777 tractarent;
493 2717 529 2766 of.
552 2716 612 2780 lug.
637 2714 684 2777 41,
710 2717 734 2764 2.
778 2718 851 2777 rent,
883 2731 945 2765 mox
968 2715 1081 2780 imperio
1105 2730 1165 2764 eum
1189 2715 1343 2778 privaturos

175 2794 236 2845 Nara
252 2803 311 2845 onte
324 2795 497 2860 Cartbapirtem
514 2795 619 2843 deletam
629 2794 737 2855 populus
778 2791 864 2842 fuisse
882 2807 942 2842 cum
965 2809 1064 2858 magne
1081 2793 1247 2858 reipublicae
1270 2789 1343 2842 cala-

175 2881 199 2922 et
216 2881 317 2925 sonabas
334 2874 411 2923 Itone.
426 2873 558 2936 placide
580 2873 735 2922 arrodeote-
778 2871 881 2921 mitate.

173 2967 233 3015 que
262 2956 329 3004 inter
358 2968 386 3016 aa
419 2967 496 3014 remp.
534 2951 733 3000 tractabant.
813 2957 838 3006 5.
862 2957 945 3004 Fuere
966 2963 1046 3004 tanuen
1070 2953 1134 3020 etc]
1161 2956 1206 3006 lta
1228 2955 1344 3004 refertur

175 3029 263 3081 Tacit.
281 3032 351 3081 Ann.
370 3030 428 3092 ΙΙΙ,
448 3029 495 3092 12,
514 3026 539 3078 3.
555 3027 637 3078 ¹Illud
660 3044 735 3092 repu-
772 3035 856 3082 'tornea
869 3034 904 3082 ad
912 3032 1121 3098 praecedentia,
1137 3036 1169 3082 ut
1182 3037 1270 3082 mente
1282 3047 1345 3096 sup-

176 3113 237 3166 tate‚
255 3109 381 3158 turbide
399 3108 595 3156 eteedr'tieae
612 3115 737 3157 tracta·
776 3109 896 3177 pleatur:
926 3112 954 3159 in
980 3115 1037 3159 tam
1068 3111 1172 3160 incerta
1199 3116 1226 3161 et
1250 3107 1344 3159 fallaci

175 3187 258 3232 verit
282 3187 412 3234 exercituo
428 3181 506 3234 Piso?
524 3184 542 3232 i.
563 3199 586 3234 e.
602 3189 735 3248 reputate,
777 3207 824 3256 spe
847 3189 964 3240 melioris
983 3205 1072 3239 rerum
1092 3193 1181 3238 status
1197 3190 1273 3252 suere
1296 3195 1345 3236 ta-

175 3275 237 3308 num
260 3260 300 3310 ita
321 3261 482 3310 tractaverit
508 3276 564 3322 ex.,
592 3265 623 3310 ut
646 3277 736 3311 exeo
777 3284 842 3318 trien
863 3272 931 3328 et0,;
951 3284 977 3316 v.
995 3267 1030 3316 ad
1047 3266 1107 3316 cat.
1128 3265 1170 3328 19,
1186 3267 1212 3317 2,

174 3335 270 3386 turbae
287 3341 314 3387 et
331 3336 477 3387 seditiones
496 3338 638 3388 orirentur.
813 3358 896 3420 φη·-
908 3355 1020 3418 profem
1031 3352 1097 3420 sum]
1113 3353 1283 3404 Indicaffivu,
1296 3370 1344 3418 po,

210 3426 233 3478 3.
256 3431 336 3480 dubiis
347 3427 433 3493 rebus]
449 3429 570 3478 Ablativi
582 3435 646 3480 sunt
661 3430 738 3480 abso·
778 3433 862 3495 situs,
883 3433 946 3498 quia
963 3432 1118 3482 enunciatio
1135 3432 1251 3482 relativa
1266 3433 1345 3482 unice

174 3503 238 3567 luti3
257 3523 283 3557 r.
300 3507 336 3557 ad
354 3506 414 3557 Cat.
435 3507 476 3568 lt,
495 3508 520 3555 4.
779 3512 814 3560 ad
833 3511 1014 3561 deliniendum
1038 3514 1176 3574 complures
1194 3513 1345 3561 subiectum

209 3592 325 3659 nocarrdt]
350 3593 481 3644 Absolute
505 3591 623 3656 positum
646 3609 739 3644 novare
780 3590 910 3654 pertinett
935 3589 972 3639 cf·
997 3589 1057 3639 Cat.
1076 3591 1123 3651 52,
1149 3588 1193 3640 21.
1218 3589 1271 3640 Sed
1292 3594 1346 3641 alia

174 3670 284 3720 verbnm
316 3669 453 3735 significat
484 3668 603 3731 rempubl.
633 3671 738 3720 turbare
776 3668 864 3731 suere,
898 3683 975 3731 quae
1007 3669 1063 3717 illos
1089 3683 1192 3732 mupnos
1219 3670 1344 3732 fecere,

174 3751 274 3814 eiusque
296 3755 386 3798 etatum
414 3749 555 3804 imarutore,·
588 3746 622 3797 cl.
648 3748 737 3798 Tacit.
779 3759 857 3808 quae
875 3744 945 3794 tobit
963 3746 1031 3794 nulla
1047 3752 1126 3794 tuni·

173 3828 244 3880 ΑΗΒ·
260 3826 308 3887 IV,
330 3825 371 3887 te,
391 3826 417 3876 2·
437 3825 524 3888 Neque
541 3839 682 3876 ’namium
697 3826 738 3876 Τί·
812 3835 846 3885 Α.
871 3836 982 3902 Fuluiae]
1008 3840 1078 3888 Eum
1100 3835 1191 3888 Valer.
1213 3837 1287 3886 Max.
1311 3835 1345 3898 V,

172 3905 243 3956 ⁶0le
258 3905 396 3967 imperium,
422 3905 446 3952 δί
465 3903 497 3952 55⁸
515 3916 610 3966 lwdue
636 3905 736 3968 teptont-
778 3913 804 3976 8,
817 3915 843 3964 5.
864 3915 948 3964 tradit
966 3915 1064 3967 fuisse:
1083 3920 1190 3968 iuuenem
1206 3923 1231 3966 et
1246 3917 1345 3979 impertio

173 3983 219 4032 ⁶¹⁴³
236 3982 325 4044 wilm
343 3981 479 4030 ”Mididi
492 3981 593 4043 sumet·
778 3997 805 4056 et
820 3991 911 4042 litteris
933 4000 957 4042 et
972 3995 1056 4057 formo
1078 3996 1145 4044 inter
1164 3997 1283 4060 aeprtalec
1305 3996 1344 4042 ni-

209 4073 301 4138 eorum]
334 4073 461 4125 Refertur
488 4075 522 4126 ad
550 4083 663 4133 eeteros,
691 4072 737 4138 qui
778 4075 876 4118 tentem.

173 4153 256 4200 autea
278 4165 294 4200 a
317 4151 412 4214 paucis
436 4152 591 4216 potentibus
610 4150 737 4216 repressi,
811 4167 908 4214 parere
935 4127 1024 4203 necari
1045 4151 1128 4218 iussit]
1154 4153 1250 4202 Patria
1272 4153 1344 4204 enim

173 4229 231 4275 tum
247 4227 359 4276 arrectis
377 4228 434 4277 sive
456 4227 568 4280 intentis
593 4228 628 4278 ad
651 4232 738 4279 certa·
778 4231 915 4290 potestate
932 4229 1040 4292 parenti
1060 4230 1102 4280 ius
1125 4229 1199 4280 vitae
1223 4233 1250 4279 et
1268 4231 1345 4282 necis

174 4316 236 4354 men
254 4302 350 4352 animis
367 4308 465 4358 erant..
567 4365 571 4374 .
780 4309 838 4354 erat
856 4305 884 4355 in
902 4305 1012 4356 liberos.
