3092 4850
521 748 564 828 o.
586 747 846 830 sensuam
866 749 1042 854 oniam

262 914 783 1019 HISTORIARUM
811 915 1290 1022 FRAGMENTA.

692 1099 830 1163 urana
852 1081 898 1164 ii.
1354 1111 1358 1118 ⁴

633 1324 951 1386 ARGUMENTUM.

734 1459 800 1510 Gar.
820 1459 844 1510 Ι.

272 1544 372 1610 Lepidi
389 1560 432 1596 res
449 1550 585 1596 extremae
603 1561 637 1595 ac
655 1559 725 1595 mors
742 1545 771 1594 in
786 1545 913 1598 Sardinia
931 1549 1086 1597 narrantur.
1102 1545 1261 1597 -Insulae
1278 1545 1378 1596 descri-

202 1630 260 1694 ptio
278 1635 306 1682 et
322 1632 512 1697 antiquitates.
530 1660 566 1670 —
583 1631 712 1683 Corsicae
730 1631 886 1697 descriptio.
900 1660 936 1670 —
946 1632 1099 1697 Perpernae
1116 1648 1177 1682 cum
1192 1633 1295 1697 Lepido
1314 1649 1377 1684 con-

201 1717 287 1768 iuncti
308 1717 375 1783 fuga
403 1734 436 1769 ex
458 1717 552 1769 Sicilia
575 1721 603 1767 et
624 1717 736 1769 Corsica
758 1718 787 1766 in
806 1717 922 1770 Galliam
945 1718 1061 1784 indeque
1076 1720 1104 1770 in
1122 1719 1292 1784 Hispaniam.
1328 1720 1374 1769 Fr.

204 1803 297 1856 1—15.
336 1802 419 1870 [Anni
435 1805 477 1854 77.
497 1803 539 1854 76.
558 1821 584 1854 a.
599 1804 662 1855 chr.
680 1801 734 1870 n.]'

727 1905 793 1956 Gar.
812 1906 849 1958 11.

268 1989 374 2042 Bellum
392 1992 589 2046 Sertorianum.
619 1992 742 2058 Pompeii
758 1992 787 2041 in
805 1991 967 2056 Hispaniam
979 1993 1033 2044 iter
1047 1998 1073 2045 et
1092 1995 1236 2051 adventus.
1251 2022 1286 2034 —
1301 1999 1370 2050 Eius

199 2077 338 2143 ingenium
355 2077 516 2128 illustratur.
531 2105 565 2114 -
582 2079 682 2129 Rerum
701 2083 839 2144 gestarum
857 2080 1008 2130 narrationi
1025 2083 1211 2146 praemittitur
1225 2067 1385 2149 descriptio¹

198 2165 303 2231 ingenii
319 2165 511 2232 Hispanorum.
523 2191 556 2201 -
569 2165 682 2230 Pugnae
700 2165 773 2231 apud
787 2166 949 2230 Lauronem,
968 2166 1110 2232 Italicam,
1129 2169 1164 2220 ad
1183 2172 1295 2222 Turiam
1314 2171 1371 2222 sive

199 2252 366 2318 Saguntum,
388 2252 468 2304 alias.
489 2280 523 2289 -
542 2251 646 2302 Metelli
664 2253 693 2302 in
712 2251 868 2302 ulteriorem
885 2254 1054 2318 provinciam
1072 2271 1205 2311 recessus.
1229 2288 1264 2297 -
1281 2259 1371 2309 Incer-

197 2340 274 2390 tioris
293 2341 445 2391 sententiae
457 2342 625 2406 Fragmenta
636 2339 768 2404 quaedam
782 2337 817 2388 ad
832 2339 981 2392 Sertorium
1000 2344 1161 2416 spectantia.
1188 2344 1236 2396 Fr.
1256 2343 1368 2398 16-37.

199 2423 281 2492 [Anni
295 2427 407 2479 77-75.
428 2443 453 2478 a.
472 2427 534 2477 Chr.
553 2424 594 2491 n.]

712 2528 777 2578 Car.
796 2528 850 2578 111.

146 2686 150 2692 1
263 2616 369 2668 Bellum
390 2621 486 2668 contra
508 2617 612 2682 piratas
630 2615 659 2664 in
676 2614 782 2665 Pisidia
801 2617 828 2664 et
845 2615 1007 2682 Pamphylia
1030 2633 1048 2668 a
1064 2620 1095 2668 P.
1118 2618 1233 2670 Servilio
1251 2625 1358 2686 gestum

194 2704 240 2754 Fr.
261 2703 371 2754 38-40.
411 2701 493 2767 [Anni
512 2703 624 2754 76—75.
644 2716 668 2749 a.
689 2699 750 2750 Chr.
771 2697 811 2765 n.]

717 2802 782 2852 cm.
802 2802 851 2852 lV.

261 2890 367 2942 Bellum
390 2894 485 2941 contra
502 2888 667 2939 Macedonas
690 2892 718 2937 et
740 2887 885 2937 Dardanos
907 2904 931 2938 a.
952 2888 981 2938 C.
1006 2889 1092 2940 Scrib.
1112 2890 1228 2944 Curione
1247 2900 1364 2960 gestum.

192 2978 237 3027 Fr.
254 2977 367 3029 41-43.
405 2974 488 3042 [Anni
505 2976 616 3026 75-74.
637 2988 661 3022 a.
679 2972 741 3023 Chr.
760 2970 800 3037 n.]

715 3075 781 3125 Gar.
799 3077 833 3126 V.
1334 3121 1338 3127 ,

259 3167 313 3217 Res
336 3165 465 3215 urbanae.
484 3189 518 3198 -
536 3162 730 3214 contentiones
753 3161 787 3211 de
804 3161 974 3213 restituenda
996 3168 1135 3228 potestate
1153 3157 1308 3218 tribunicia.
1330 3193 1364 3203 -

190 3252 323 3302 Annonae
340 3251 456 3312 caritas,
476 3264 561 3315 eaque
585 3253 660 3300 ortus
678 3247 765 3314 plebis
784 3248 925 3300 tumultus.
943 3277 978 3287 -
997 3249 1027 3301 0.
1047 3249 1146 3302 cottae
1165 3253 1285 3304 consulis
1304 3269 1363 3304 ora·

190 3339 237 3389 tio.
256 3363 291 3374 —
310 3338 529 3389 terraemotus.
565 3336 610 3386 Fr.
630 3335 757 3406 45-52.
783 3331 866 3400 [Auni
884 3335 927 3388 76.
944 3339 986 3389 75.
1007 3352 1032 3387 a.
1052 3336 1114 3392 chr.
1136 3337 1175 3405 n.]

708 3437 773 3492 Car.
793 3438 840 3488 VI.

256 3526 360 3578 Bellum
376 3501 590 3577 Mithridaticum
607 3526 726 3576 tertium.
745 3555 781 3564 -
797 3524 839 3574 De
856 3525 1023 3577 Mithridatis
1040 3497 1139 3593 genera
1157 3533 1185 3578 et
1202 3529 1360 3593 maioribus,

186 3618 243 3665 tum
261 3630 314 3679 qno
331 3614 440 3680 ingenio
458 3628 491 3664 ao
509 3613 629 3663 moribus
646 3612 744 3676 luerit,
765 3611 917 3676 exponitur.
932 3641 967 3650 —
981 3612 1051 3663 Belli
1063 3615 1145 3674 initia
1163 3619 1190 3664 et
1209 3617 1358 3667 adiutores.

186 3727 220 3737 —
231 3703 269 3751 M.
283 3700 381 3751 Cottae
399 3699 490 3750 clades
508 3699 544 3750 ad
563 3697 768 3752 Chalcedonem.
803 3699 849 3748 Fr.
869 3697 979 3748 53-60.
1020 3697 1124 3764 [Annus
1143 3703 1185 3750 74.
1201 3715 1225 3749 a.
1240 3701 1302 3752 Chr.
1317 3699 1357 3765 n.]

697 3802 763 3852 Gar.
779 3799 844 3851 VII.

236 3888 419 3952 'Fragmenta
435 3886 588 3935 incertioris
606 3885 796 3950 explicationis
821 3885 975 3949 spectantia
994 3885 1029 3935 ad
1050 3884 1277 3950 Pompeium„ad
1296 3884 1357 3934 Ser-

184 3965 298 4036 torium,
317 3972 352 4022 ad
370 3987 475 4036 pugnas
494 3975 521 4020 et
539 3985 582 4022 res
598 3970 723 4033 bellicas,
743 3970 778 4021 ad
796 3976 929 4021 terrarum
946 3971 1104 4038 urbiumque
1122 3971 1218 4034 situm,
1242 3971 1357 4034 denique

184 4059 220 4109 ad
237 4058 312 4108 facta
330 4057 488 4124 singularia.
525 4057 571 4106 Fr.
588 4055 701 4110 erl—90.

689 4159 755 4210 Car.
774 4159 852 4210 VIII.

252 4247 418 4312 Fragmenta
434 4244 607 4312 paucissimis
629 4245 719 4296 verbis
738 4246 897 4311 composita.
933 4246 979 4297 Fr.
995 4245 1126 4298 91-103.

1058 4422 1122 4484 18*
