3028 4852
345 308 392 354 na
416 307 598 356 sunnusnu
619 309 773 358 scurram
794 309 839 358 ur
860 311 1009 359 meeum
1032 311 1183 359 eamean.
1306 301 1344 362 19

174 465 274 540 ginem
299 461 506 544 praebentem,
532 465 685 545 amplexus
707 476 762 527 est.
807 465 896 528 Cuius
921 466 1006 528 studii
1028 467 1281 548 admirationisque
1308 486 1343 529 ea

174 576 220 634 ris
242 575 309 652 iuit,
336 584 382 651 ut,
410 593 496 653 quum
524 595 573 636 res
601 576 702 656 populi
723 578 846 639 Romani
868 575 1000 638 scrihere
1026 578 1226 657 decrevisset,
1258 597 1342 660 prae·

174 685 266 744 sentia
290 684 326 744 ah
354 688 430 746 omni
459 697 542 766 parte
569 703 693 767 perosus
719 705 754 748 ac
781 686 949 768 despiciens
975 689 1060 748 etiam
1088 687 1202 750 dicendi
1231 709 1342 768 genere

174 794 210 856 ah
233 796 338 856 aetatis
360 813 431 856 suae
454 815 506 857 usu
530 797 718 874 deflecteret,
740 807 863 879 tersam,
892 797 1075 877 elegantem,
1100 810 1229 862 ornatam
1254 810 1341 880 atquc

114 897 119 908 '
173 905 291 966 mollem
313 906 474 968 orationem
496 918 629 988 tanquam
654 909 850 988 corruptionis
872 917 978 968 testem
1008 909 1091 969 simul
1114 920 1143 973 et
1162 912 1254 990 ipsam
1275 929 1339 970 cor·

173 1019 330 1098 ruptricem
355 1019 493 1096 evitaret,
522 1027 551 1078 et
577 1018 707 1078 lacertos
730 1021 827 1097 potius
856 1035 940 1096 quam
965 1036 1080 1079 carnem
1104 1037 1248 1098 quaerens
1270 1023 1340 1080 anti-

173 1147 258 1208 quam
277 1128 503 1208 simplicitatem,
531 1131 718 1206 gravitatem,
751 1130 806 1188 vim
826 1137 855 1188 et
874 1130 956 1207 qnasi
979 1129 1122 1207 quandam
1144 1129 1275 1190 duritiem
1296 1131 1340 1191 ei·

173 1241 308 1316 lingeret.
353 1239 433 1314 Quas
455 1239 631 1317 antiquitatis
653 1241 775 1300 virtutes
796 1255 855 1299 non
876 1240 989 1299 minore
1011 1239 1105 1299 studio
1128 1256 1212 1318 quam
1236 1241 1340 1318 peritia

171 1349 296 1408 imitatus
326 1348 484 1427 prudenter
511 1357 606 1408 tamen
635 1351 727 1426 cavit,
762 1367 799 1409 ne
827 1350 855 1410 in
883 1349 1077 1426 ieiunitatem,
1111 1349 1282 1427 languorem
1311 1359 1340 1410 et

171 1459 394 1536 inelegantiam,
424 1475 480 1536 qua
504 1458 583 1518 multi
607 1460 736 1538 priorum
764 1460 834 1519 artis
857 1468 996 1538 expertes
1017 1457 1203 1537 laborabant,
1232 1460 1340 1520 incide-

171 1577 225 1628 ret.
269 1567 425 1628 Breritatis
445 1567 673 1630 studiosissimus
693 1585 836 1647 nunquam
858 1567 988 1647 plurihus
1010 1568 1109 1630 verhis
1131 1570 1231 1646 utitur,
1256 1586 1340 1648 quam

172 1677 276 1757 quihus
297 1678 334 1739 ad
356 1695 405 1738 res
428 1688 566 1739 accurate
585 1678 782 1757 designandas
810 1696 886 1758 opus
909 1688 966 1756 est,
994 1696 1166 1757 quamquam
1188 1679 1251 1739 cius
1273 1677 1338 1738 hre-

171 1789 259 1866 vitas,
291 1791 346 1849 iam
375 1788 524 1849 reterihus
554 1790 703 1851 intellecta
733 1799 761 1848 et
783 1787 898 1849 laudata
930 1787 985 1868 (ci.
1010 1787 1339 1865 Quinri1.1v‚2,45.

171 1897 215 1974 x,
241 1899 273 1975 1,
296 1899 347 1960 32.
368 1897 412 1975 x,
433 1901 467 1978 1,
492 1901 563 1963 roa.
614 1901 730 1960 senem
752 1898 830 1977 app.
857 1900 928 1958 ιιι.
951 1897 1026 1958 oen.
1049 1877 1106 1974 ni,
1133 1898 1165 1974 1,
1186 1897 1251 1974 a),
1280 1913 1338 1958 non

171 2007 265 2084 magis
287 2009 315 2068 in
337 2007 437 2068 verhis
460 2011 603 2086 cernitur,
635 2027 719 2088 quam
745 2011 772 2068 in
794 2016 924 2068 coartata
945 2015 974 2066 et
997 2023 1099 2084 pressa
1122 2023 1218 2066 rerum
1240 2025 1337 2068 narra·

171 2117 266 2187 tione;
296 2119 413 2180 omissis
441 2122 516 2180 enim
539 2119 717 2198 levioribus,
753 2135 827 2198 quae
854 2103 902 2177 del
925 2117 1017 2177 minus
1047 2116 1168 2176 adrem
1194 2117 1339 2195 pertinent
1396 2197 1399 2204 Δ

170 2226 218 2287 rel
241 2246 258 2289 a
281 2229 495 2309 circumspecto
519 2239 548 2290 et
571 2230 703 2308 prudenti
727 2229 840 2290 lectore
864 2227 952 2288 facile
972 2227 1188 2305 intelliguntur,
1218 2227 1337 2304 potiori·

171 2336 224 2398 hus
246 2338 335 2400 rehus
357 2358 421 2400 cum
449 2358 517 2400 cura
544 2341 664 2417 insistit,
696 2339 833 2399 celeriter
855 2339 882 2397 in
912 2335 1055 2398 narrando
1080 2334 1282 2414 progreditur,
1311 2343 1339 2394 et

170 2448 339 2509 iudiciorum
367 2451 539 2527 severitate,
574 2451 780 2510 sententiarum
814 2447 985 2526 crebritate,
1019 2444 1176 2508 verborum
1207 2443 1339 2524 pondere

171 2559 338 2636 dignitatem
360 2561 484 2620 orationi
503 2561 542 2622 ita
565 2559 718 2635 conciliat,
740 2567 770 2617 ut
791 2565 887 2618 tamen
908 2577 1005 2638 neque
1027 2555 1154 2616 obscura
1172 2571 1267 2633 neque
1288 2553 1337 2612 im·

172 2669 269 2749 pedite
298 2667 412 2729 evadat.
463 2672 558 2732 Vitata
595 2670 670 2729 enim
699 2667 857 2730 artificiosa
889 2668 1047 2729 verborum
1077 2663 1338 2744 comprehensione

170 2789 257 2859 atque
270 2777 383 2839 amhitu
404 2779 574 2858 plerumque
598 2797 652 2858 per
672 2777 773 2837 hrevia
790 2777 882 2837 incisa
906 2777 1055 2857 prooedit,
1079 2775 1225 2836 enuntiata
1245 2787 1336 2850 saepe

171 2891 265 2967 magis
289 2891 366 2949 iuxta
389 2888 518 2949 collocat
537 2905 621 2967 quam
644 2890 719 2948 inter
741 2904 774 2946 sc
800 2889 903 2965 nectit,
934 2897 963 2948 et
985 2886 1100 2946 omnino
1128 2882 1231 2944 nudam
1254 2898 1337 2942 orna·

171 3009 260 3078 tuque
283 2999 416 3076 quaesito
436 2996 599 3058 destitutam
619 2999 810 3076 antiquiorum
831 2995 946 3056 dicendi
966 2996 1108 3056 rationem
1130 2993 1270 3070 sequitur.
1306 2989 1339 3048 ln

173 3107 354 3184 singulorum
375 3106 532 3166 verborum
561 3117 590 3168 et
617 3107 794 3167 locutionum
822 3123 873 3164 usn
902 3107 940 3166 ita
965 3102 1089 3164 discedit
1113 3100 1149 3164 ah
1176 3098 1339 3179 aequalium

173 3215 397 3306 consuetudine,
427 3226 456 3276 nt
476 3216 562 3278 multa
586 3217 682 3297 prisca
703 3226 732 3276 et
756 3216 871 3276 insolita
892 3232 977 3295 quum
1004 3231 1042 3273 ex
1061 3212 1124 3274 aliis
1146 3222 1205 3272 tum
1224 3228 1262 3270 cx
1283 3207 1337 3270 (la-

171 3337 240 3388 tone
259 3327 400 3401 asciscat,
423 3327 495 3404 alia,
518 3327 570 3388 sed
592 3327 682 3388 multo
705 3328 822 3405 parcius
842 3336 870 3386 et
887 3327 978 3386 minus
998 3333 1117 3403 aperte,
1140 3340 1228 3401 quam
1247 3320 1337 3396 vulgo

174 3436 317 3514 creditur,
340 3455 378 3497 ex
396 3436 574 3499 Graecorum
597 3457 650 3500 usu
673 3439 831 3516 exprimat,
860 3437 932 3514 alia,
961 3453 1043 3515 quac.
1058 3434 1228 3513 plerumque
1246 3439 1336 3490 trans·

172 3545 232 3607 lato
260 3565 348 3606 sensu
377 3557 568 3626 usurpantur,
598 3549 718 3628 propria
749 3556 894 3626 potestate
919 3557 1008 3624 ponat
1042 3544 1099 3626 (ci.
1122 3539 1264 3617 Ge11.x‚
1287 3539 1336 3614 20,

175 3659 257 3738 10.),
287 3676 344 3738 quo
367 3661 412 3736 lit,
440 3667 471 3718 ut
501 3657 549 3726 rel
572 3666 679 3719 novata
711 3656 758 3717 vel
787 3657 901 3718 nimium
929 3655 1072 3717 declinata
1100 3652 1260 3713 videantur.
1305 3647 1337 3706 ln

173 3769 307 3856 universa
341 3778 435 3829 autem
463 3766 605 3828 vocabula
640 3765 787 3826 scribendi
821 3768 949 3843 ratione,
983 3781 1067 3844 quam
1099 3758 1338 3837 orthographiam

173 3853 336 3957 appellant,
365 3894 428 3939 eam
449 3879 523 3939 viam
544 3878 621 3954 iniit,
649 3887 679 3937 ut
701 3885 842 3938 revocato
871 3878 1033 3956 priscorum
1054 3889 1136 3934 more
1162 3866 1337 3945 antiquitatis

173 3988 303 4048 colorem
338 3987 455 4066 scriptis
488 3989 548 4049 suis
579 3987 730 4048 induceret
763 4004 828 4045 cum
861 3987 926 4064 ipsa
960 3984 1085 4044 dictione
1119 3984 1337 4054 congruentem.

256 4095 341 4172 Quod
361 4098 386 4157 si
403 4097 478 4158 haec
498 4099 592 4158 omnia
612 4096 776 4174 colligimus
796 4096 832 4157 ad
847 4097 950 4156 iustam
968 4091 1132 4154 Sallustiani
1151 4084 1264 4145 dicendi
1284 4102 1335 4161 ge·

171 4207 250 4265 neris
277 4207 430 4284 imaginem
456 4209 550 4268 animo
574 4205 797 4280 informandam,
830 4206 933 4282 negari
961 4203 1060 4279 nequit
1083 4202 1111 4259 in
1139 4212 1246 4254 summa
1274 4196 1337 4254 eiua

152 4331 159 4346 ·
173 4315 349 4392 praestantia
362 4317 491 4394 artisque
508 4315 692 4394 perfectione
705 4322 800 4374 tamen
822 4311 929 4391 aliquid
942 4312 1055 4385 inesse,
1080 4306 1157 4388 quod
1170 4324 1227 4408 non
1242 4314 1337 4366 natum

1082 4421 1102 4481 2
1111 4423 1127 4457 dt
