3070 4852
564 321 756 374 rucunrnn.
785 321 815 372 o.
838 323 896 370 xc.
1258 311 1318 374 169

150 485 291 564 perfugas
326 481 526 559 tradidissent,
562 483 629 542 item
659 482 706 560 qui
740 480 776 540 de
805 497 879 559 pace
911 488 959 539 aut
986 478 1066 540 bello
1096 495 1159 540 curn
1186 477 1318 538 hostibus

122 593 472 674 apertionestecissenr.
515 591 589 652 Huic
609 591 754 668 rogationi
776 591 878 668 partim
898 591 1008 650 conscii
1029 588 1100 665 sibi,
1121 589 1170 650 alii
1192 608 1230 649 ex
1253 606 1317 669 par·

150 705 218 763 tium
241 704 344 764 invidia
367 701 499 780 pericula
519 710 697 778 metuentes,
719 700 853 778 quoniam
874 708 976 779 aperte
996 702 1135 760 resistere
1154 717 1213 760 non
1236 709 1318 779 pote-

149 824 227 891 rant,
263 815 330 893 quin
358 813 407 873 illa
436 822 465 873 et
492 812 548 874 alia
580 811 647 872 talia
680 811 799 890 placere
828 809 882 870 sibi
908 810 1085 886 faterentur,
1121 811 1237 870 occulte
1266 829 1320 890 per

149 925 259 984 arnioos
285 943 319 984 ac
347 942 479 985 maxume
511 943 564 1004 per
590 923 722 984 homines
750 921 871 980 nominis
898 918 989 980 Latini
1017 930 1045 980 et
1073 921 1174 982 socios
1199 920 1319 982 italicos

120 1034 352 1113 :timpedimenta
374 1034 525 1114 parabant.
560 1032 619 1092 Sed
639 1030 758 1111 plebes,
781 1028 952 1089 incredibile
969 1043 1128 1094 memoratu
1148 1043 1210 1112 est,
1235 1053 1319 1113 quarn

149 1147 257 1204 intenta
280 1146 383 1221 luerit,
412 1154 578 1224 quantaque
600 1145 628 1201 ri
652 1139 835 1218 rogationem
855 1142 984 1216 iusserit,
1013 1143 1106 1220 magis
1127 1145 1195 1206 odio
1216 1144 1318 1222 nobili·

71 1314 75 1318 .
148 1255 230 1331 tatis,
254 1257 299 1314 cui
321 1255 396 1314 mala
418 1249 467 1315 illa
490 1253 679 1333 parabantur,
702 1267 787 1329 quam
809 1267 877 1310 eura
898 1250 1095 1329 reipublicae;
1120 1263 1197 1315 tanta
1219 1255 1318 1316 lubido
1342 1231 1347 1243 ’

120 1364 178 1429 ain
200 1363 330 1442 partibus
352 1373 424 1424 erat.
468 1364 560 1441 igitur
579 1364 687 1422 ceteris
711 1369 787 1420 metu
811 1359 971 1438 perculsis,
1000 1361 1038 1422 Μ.
1061 1365 1203 1443 Scaurus,
1232 1385 1317 1448 quem

148 1474 277 1550 legatum
305 1474 422 1534 Bestiae
453 1474 543 1534 luisse
573 1492 660 1553 supra
688 1472 855 1546 docuimus,
891 1472 966 1530 inter
993 1471 1129 1535 laetitiam
1163 1476 1259 1555 plebis
1289 1485 1318 1536 et

149 1601 265 1642 sucrum
291 1583 405 1661 lugam,
436 1583 550 1663 trepida
579 1584 723 1642 etiamtum
752 1582 887 1658 civitate,
922 1601 1007 1660 quum
1037 1603 1075 1644 ex
1096 1586 1202 1646 Mamili
1231 1603 1317 1664 roga·

149 1693 227 1753 tione
250 1703 310 1754 tres
333 1695 515 1774 quaesitores
537 1701 730 1770 rogarentur,
759 1692 915 1768 elicuerat,
944 1701 973 1751 ut
997 1695 1112 1772 ipsein
1138 1712 1174 1755 eo
1197 1713 1316 1756 numero

118 1813 307 1874 5crearetur.
352 1805 410 1866 Sed
434 1805 566 1884 quaestio
589 1803 718 1863 exercita
741 1820 848 1880 aspere
869 1802 1070 1882 violenterque
1092 1823 1129 1865 ex
1149 1825 1265 1866 rumore
1288 1815 1318 1865 et

148 1912 276 1974 lubidine
299 1915 409 1994 plebis;
432 1925 462 1974 ut
481 1933 572 1994 saepe
595 1912 791 1988 nobilitatem,
820 1914 862 1972 sic
885 1931 920 1972 ea
943 1922 1116 1993 tempestate
1142 1916 1258 1995 plebem
1279 1934 1317 1976 ex

149 2023 284 2086 secundis
306 2024 395 2085 rebus
416 2025 569 2084 insolentia
592 2030 723 2102 ceperat.

183 2217 279 2273 quanta
296 2209 330 2276 ui]
357 2211 408 2262 Vel
428 2211 526 2264 latiore
549 2226 631 2262 sensu
649 2227 711 2262 esse
754 2213 781 2275 1,
803 2213 835 2264 lb
853 2214 890 2264 in.
910 2212 979 2274 Quas
1003 2227 1048 2277 epo
1070 2227 1170 2279 pupnae
1189 2221 1215 2264 et
1236 2230 1316 2280 quan—

147 2291 239 2351 potest
262 2297 353 2352 quanto
380 2291 464 2342 studio
489 2299 515 2341 et
538 2293 633 2341 ardore
662 2287 710 2354 (ci.
751 2300 937 2359 tasstrapes
954 2291 1030 2343 edidi.

149 2364 206 2420 (iic.
226 2368 255 2416 in
274 2368 349 2420 Verr.
369 2369 427 2433 III,
447 2367 494 2432 53,
515 2369 573 2420 124.
592 2369 710 2420 Summa
787 2373 888 2434 trepida
908 2373 1030 2420 etiamtum
1047 2368 1158 2435 ciuitate]
1189 2356 1251 2423 ise.
1275 2369 1315 2419 ita

147 2448 178 2496 ui
194 2447 256 2496 data
277 2455 316 2497 est
334 2462 413 2510 opera
436 2465 453 2497 ιι
470 2447 535 2514 me),
559 2447 604 2498 vel
621 2446 710 2512 magis
753 2451 894 2500 etiamtum
911 2435 1052 2500 commotis
1070 2453 1098 2499 et
1111 2450 1258 2515 exagitatis
1278 2450 1315 2501 ci-

147 2525 254 2590 proprie
272 2534 364 2589 quanto
378 2530 478 2588 apem
754 2529 846 2592 vibus,
874 2533 904 2578 ut
928 2528 1169 2593 circumspectione
1198 2532 1225 2578 et
1252 2543 1313 2593 pru-

181 2605 333 2668 rogationem
340 2601 453 2668 iusserit]
469 2603 561 2653 Iubere
571 2603 709 2667 proprium
752 2605 846 2656 dantia
863 2606 892 2654 in
904 2606 1010 2670 agendo
1024 2610 1157 2656 carerent.
1181 2606 1314 2656 Caussans

147 2679 309 2731 vocabulum
325 2681 377 2731 fuit
395 2681 428 2731 de
446 2681 489 2743 iis,
506 2695 575 2745 quae
592 2681 708 2745 populus
751 2701 811 2735 eam
829 2684 914 2734 fuisse
933 2683 1070 2748 significat
1088 2682 1245 2743 Sallustius,
1265 2701 1314 2735 cur

145 2759 174 2808 in
199 2758 316 2809 comitiis
341 2757 530 2821 comprobaret
556 2761 583 2806 et
606 2758 710 2806 consti·
750 2761 882 2821 Scaurus,
907 2761 953 2824 qui
980 2764 1006 2809 et
1027 2761 1085 2824 ipse
1107 2765 1248 2824 suspectus
1272 2778 1313 2812 es-

146 2839 246 2895 tueret3
266 2835 300 2885 ei.
319 2835 380 2899 Ing.
399 2833 442 2896 73,
461 2836 486 2883 7.
505 2832 587 2894 84,1.
605 2833 706 2896 85,11.

146 2916 212 2980 ipsa
221 2914 371 2979 rogationis
385 2899 500 2963 formula
511 2910 629 2962 solennis
641 2913 707 2965 fuit:

147 2993 239 3051 uelitis,
259 2991 376 3051 iubentia,
396 2989 514 3050 Quirites.
638 2979 641 2986 '

181 3070 248 3118 mala
261 3066 316 3132 illa]
345 3082 383 3116 sc.
404 3080 474 3130 qnae
497 3080 530 3114 ex
548 3064 707 3130 quaestione

145 3150 313 3211 proventura
324 3141 421 3205 erant,
441 3142 594 3204 damnatio,
613 3141 708 3213 multa,

146 3225 269 3286 exilium,
290 3223 387 3287 capitis
405 3222 562 3272 deminutio.

181 3319 253 3368 quam
272 3318 334 3351 eura
353 3297 517 3364 reipublicae]
545 3300 564 3351 i.
584 3315 606 3349 e.
627 3315 708 3365 quam

145 3380 218 3446 quod
235 3379 313 3444 plebs
332 3377 447 3443 putabat
467 3393 501 3426 ex
522 3393 554 3428 aa
573 3393 602 3427 re
619 3378 708 3442 reipu-

145 3459 234 3508 blicae
250 3454 390 3507 commoda
408 3458 533 3504 ventura.

181 3531 274 3599 lubido]
307 3531 407 3581 Labido
431 3531 489 3580 eius
514 3534 571 3592 est,
596 3529 643 3594 qui
664 3545 707 3580 ra-

146 3613 214 3664 tioni
241 3626 296 3662 non
322 3609 511 3672 obtemperans
537 3623 591 3656 non
619 3611 705 3671 curat,

146 3692 210 3757 qnid
227 3703 329 3750 verum,
348 3691 460 3749 rectum,
480 3686 581 3735 iustum
600 3686 649 3746 sit3
669 3689 705 3738 cf.

145 3771 170 3830 ξ.
187 3770 215 3818 5.
232 3766 291 3816 Cat.
308 3764 351 3825 51,
370 3766 395 3813 2.
415 3765 458 3824 52,
477 3763 520 3812 21.
539 3762 600 3826 Ing.
619 3765 661 3826 42,
679 3768 704 3816 4.

750 2843 806 2900 set,
830 2841 922 2886 tamen
947 2837 1018 2886 inter
1044 2838 1212 2902 quaesitores
1238 2853 1313 2890 creo-

749 2919 832 2964 retur.

784 3007 819 3040 ece
838 3004 938 3039 rumore
960 2987 1024 3054 eta]
1054 2988 1140 3040 Plebis
1158 2990 1193 3040 ad
1212 2995 1313 3041 utrum-

750 3084 803 3132 que
821 3065 1022 3118 substantivum
1040 3067 1171 3131 pertinet;
1194 3067 1230 3117 ci.
1250 3068 1310 3120 eat.

751 3146 799 3208 29,
826 3147 849 3195 l.
877 3141 996 3192 Senatum
1021 3145 1111 3208 culpi
1132 3146 1313 3196 rrrrnoribus

750 3225 913 3288 exspiratum.
926 3220 1027 3271 Sensus
1037 3225 1092 3271 est:
1105 3222 1229 3286 quaestio
1240 3239 1314 3273 exer-

750 3302 823 3362 cita,
849 3299 947 3348 caussa
970 3314 1024 3349 non
1042 3304 1172 3350 accurate
1191 3302 1312 3365 cognita,

750 3380 797 3430 sed
806 3380 994 3443 proutquieque
1007 3394 1023 3427 a
1034 3378 1127 3441 plebe
1145 3379 1313 3430 dicebatur

749 3457 1009 3520 credebaturque
1026 3458 1135 3518 inculpa
1147 3472 1253 3507 esse-
1265 3459 1311 3509 Em

749 3528 858 3578 lubidine
876 3525 1014 3590 significat
1031 3525 1137 3589 plebem
1154 3526 1211 3577 irae
1227 3533 1311 3592 atque

751 3604 813 3654 odio
829 3602 974 3654 indulsisse
981 3604 1015 3652 'in
1027 3604 1169 3653 sententiis
1181 3605 1311 3658 ferendis.

749 3710 781 3718 —
801 3683 843 3731 De
861 3685 959 3731 eventu
980 3679 1059 3729 huius
1081 3682 1249 3745 quaestionis
1273 3683 1309 3732 ef.

749 3762 806 3812 cte.
816 3763 893 3810 Brut.
906 3762 948 3819 24,
963 3757 1023 3808 128.
1037 3755 1166 3807 Inuidiosa
1182 3762 1236 3824 leae
1248 3760 1311 3809 Ma-

747 3841 816 3887 milia
840 3836 865 3888 O.
887 3834 991 3886 Galbam
1013 3833 1167 3882 sacerdotem
1191 3843 1218 3884 er
1238 3844 1312 3899 quat.

179 3849 204 3896 4.
223 3841 314 3908 supra]
334 3841 369 3892 cf.
389 3857 413 3890 c.
431 3841 479 3896 28,
499 3841 525 3890 4.

178 3924 243 3972 inter
257 3921 377 3970 laetitiam
391 3914 456 3981 eta]
478 3916 497 3966 i.
511 3931 535 3965 e.
551 3914 612 3965 dnm
624 3930 656 3964 ex
668 3913 706 3964 al·
747 3923 805 3965 tuor
823 3913 970 3962 consulares
987 3910 1020 3958 L.
1040 3909 1167 3972 Bestiam,
1188 3912 1215 3961 Ο.
1237 3911 1313 3960 θαῐο-’

143 4003 202 4049 tera
219 4001 298 4063 parta
315 3994 392 4060 plebs
407 3989 652 4054 laetitia'effertur,
673 4007 706 4041 ex
747 4008 816 4051 nem,
836 3990 881 4054 Sp.
902 3988 1017 4038 Albinum
1035 3989 1157 4052 ciuemque
1172 3999 1308 4052 praestan-

143 4077 230 4128 altera
259 4076 302 4126 sui
328 4072 409 4123 valde
439 4070 608 4120 consternati
631 4075 704 4122 sunt.
746 4075 863 4123 trasimum
891 4068 925 4118 L.
951 4065 1069 4128 Opimirrm
1097 4066 1207 4117 Graecini
1232 4072 1299 4119 inter

144 4157 216 4219 Fuqa
234 4155 305 4204 enim
321 4150 353 4200 de
368 4147 573 4214 perturbatione
591 4147 707 4210 optima·
745 4151 877 4208 sectorem,
896 4160 912 4193 a
924 4147 1019 4206 populo
1031 4144 1180 4216 abaciacum,
1200 4149 1295 4210 quami

142 4233 226 4293 tium,
251 4244 321 4294 qnae
344 4243 405 4277 cum
427 4225 502 4274 clade
523 4227 704 4286 comparatur,
747 4231 837 4272 contra
851 4221 939 4283 pepuli
954 4220 1060 4268 studium
1077 4221 1201 4279 stetisset,
1229 4223 1295 4272 Grae

142 4307 365 4373 intelligendum
392 4304 427 4354 ci.
457 4302 529 4352 inira
559 4317 587 4351 cc
606 4302 654 4362 65,
678 4300 703 4349 5.
746 4298 1139 4349 cbaniiudiaeamstulerunt.-
1155 4299 1297 4350 Gracchum

142 4387 279 4438 Nobilitate
298 4385 370 4448 fusa.
395 4382 451 4434 eie.
470 4382 541 4446 Epp.
559 4377 595 4430 ad
617 4377 702 4430 Attis.
746 4376 851 4428 iudices
870 4380 933 4428 sunt
951 4374 1051 4440 equite
