3070 4852
236 307 297 368 194
639 315 671 362 c.
694 315 863 364 smnusrr
885 315 1000 364 causer

235 471 386 552 gauderet.
430 471 512 546 Quae
539 469 633 531 omnia
656 469 714 530 illis
736 488 774 530 eo
796 471 923 531 firmiora
947 467 1131 546 videbantur,
1162 469 1245 548 quod
1277 469 1442 531 diuturni
1452 477 1464 526 o

236 592 295 644 tate
319 581 389 642 belli
416 599 465 640 res
494 580 643 641 familiaris
673 590 880 661 corruperunt,
908 590 937 640 et
961 582 1057 642 animo
1086 579 1216 658 cupienti
1247 581 1333 640 nihil
1360 583 1441 640 satis

236 693 398 752 testinatur.

322 801 410 862 LXV.
453 798 525 861 Erat
547 809 701 880 praeterea
728 802 756 860 in
783 802 915 862 exercitu
938 809 1039 859 nostro
1062 799 1184 860 Numida
1212 799 1347 877 quidam
1382 816 1437 858 no·

237 911 314 972 mine
338 910 450 988 Gauda,
479 909 685 970 Mastanabalis
710 909 802 987 lilius,
830 910 1003 971 Masinissae
1031 928 1143 989 nepes,
1172 927 1260 988 quem
1287 907 1434 988 Micipsa

238 1027 410 1083 testamento
433 1021 591 1081 secundum
615 1020 754 1081 heredem
785 1022 962 1099 scripserat,
992 1018 1101 1079 morbis
1129 1019 1285 1079 conlectus
1323 1027 1359 1076 et
1391 1017 1432 1076 ob

238 1149 302 1191 eam
326 1149 458 1191 caussam
481 1139 577 1190 mente
600 1129 716 1209 paulum
739 1131 894 1190 imminuta.
939 1129 992 1190 Cui
1013 1127 1150 1190 Metellus
1170 1127 1303 1221 petenti,
1341 1132 1454 1187 more?

237 1258 340 1317 regam
362 1248 393 1299 ut
413 1240 516 1300 sellam
544 1241 621 1300 iuxta
649 1249 788 1319 poneret,
819 1241 886 1299 item
915 1249 1017 1319 postea
1043 1237 1194 1299 custodiae
1222 1255 1341 1296 caussa
1368 1246 1428 1296 tor·

238 1367 312 1410 mam
343 1351 470 1427 equitum
495 1350 706 1428 Romanorum,
740 1359 891 1428 utrumque
923 1357 1099 1426 negaverat,
1137 1347 1299 1422 honorem,
1343 1345 1426 1425 quod

239 1475 341 1519 eorum
372 1456 459 1517 modo
487 1457 581 1537 ioret,
619 1477 693 1537 quos
724 1458 851 1538 populus
883 1460 1031 1520 Romanus
1059 1475 1150 1534 reges
1186 1455 1425 1534 appellavisset,

239 1566 431 1646 praesidium,
464 1566 542 1644 quod
569 1569 808 1630 contumeliosum
835 1569 940 1628 ineos
967 1568 1058 1644 loret,
1091 1568 1115 1626 si
1144 1567 1261 1644 equites
1287 1565 1424 1624 Romani

238 1675 380 1735 satellites
400 1673 540 1736 Numidae
563 1678 756 1739 traderentur.
799 1677 882 1738 Hunc
903 1678 1010 1738 Marius
1032 1677 1147 1737 anxium
1172 1676 1357 1754 aggreditur
1382 1682 1445 1736 at-:t

239 1803 296 1864 que
318 1785 465 1862 hortatur,
494 1795 524 1845 ut
546 1787 783 1847 contumeliarum
813 1788 998 1868 imperatoris
1027 1804 1090 1846 eum
1118 1804 1171 1846 suo
1200 1785 1316 1846 auxilio
1346 1803 1420 1864 poe·

238 1879 291 1954 nas
315 1902 408 1972 petat;
441 1895 584 1956 hominem
611 1896 650 1956 ob
672 1896 792 1958 morbos
818 1899 914 1958 aninio
938 1915 1037 1976 parum
1064 1895 1161 1956 valido
1190 1895 1323 1956 secunda
1352 1913 1419 1956 ora·

238 2005 318 2063 tione
345 2004 474 2064 extollit:
506 2005 585 2064 illum
611 2023 729 2083 regem,
759 2009 907 2084 ingentem
932 2007 1041 2094 virum,
1069 2004 1240 2065 Masinissae
1266 2015 1418 2085 nepotem

238 2130 322 2180 esse;
346 2113 369 2171 ai
389 2112 526 2190 Iugurtha
549 2125 651 2194 captus
671 2125 719 2175 aut
738 2117 855 2176 occisus
877 2114 971 2198 ioret,
994 2116 1144 2194 imperium
1167 2113 1326 2181 Numidiae
1351 2117 1417 2175 sine

239 2238 321 2280 mora
343 2219 519 2290 habiturum3
548 2223 576 2280 id
598 2224 672 2283 adeo
700 2234 810 2284 mature
832 2241 922 2303 posse
946 2227 1081 2301 evenire,
1108 2225 1132 2284 si
1155 2225 1219 2303 ipse
1244 2226 1353 2285 consul
1380 2228 1415 2288 ad

239 2328 266 2387 id
288 2327 395 2387 bellum
418 2330 522 2388 missus
543 2330 629 2389 loret.
673 2332 774 2412 ltaque
795 2342 824 2392 et
845 2333 924 2393 illum
947 2343 976 2393 et
999 2335 1113 2412 equites
1134 2335 1305 2410 Romanoa,
1338 2337 1438 2397 mili-i

239 2446 285 2496 tes
308 2444 337 2496 et
360 2438 576 2516 negotiatores,
604 2439 679 2500 alios
702 2443 784 2521 ipse,
813 2443 973 2522 plenosque
996 2446 1078 2523 pacis
1104 2463 1175 2523 spes
1197 2442 1342 2524 impellit,
1375 2449 1416 2507 uti

273 2621 299 2673 6.
318 2635 362 2671 rea
378 2622 515 2684 [eruditura
537 2624 717 2690 corruperant]
736 2627 755 2676 i.
775 2643 799 2676 e.
820 2628 892 2677 ·bus
922 2627 949 2678 id
981 2627 1077 2678 honori
1110 2629 1207 2691 detur,
1243 2629 1339 2680 iacere
1368 2648 1414 2683 so-

237 2695 267 2745 in
282 2697 413 2748 afflictum
432 2704 535 2750 statum
552 2701 685 2753 adductas
700 2719 800 2768 magna
841 2705 925 2756 leant.

240 2779 371 2840 exparte
394 2777 581 2842 perdiderant3
606 2780 704 2844 quippe
727 2795 800 2844 nepa·
877 2796 938 2844 qaas
951 2809 981 2820 -
1001 2780 1191 2847 appellavisset]
1209 2783 1304 2848 Regem
1322 2791 1414 2848 appel·
1482 2765 1483 2851 l

239 2854 354 2902 tiataram
377 2869 420 2904 res
444 2853 509 2904 belli
532 2857 670 2920 gravitate
693 2861 721 2907 et
743 2857 801 2906 diu·
843 2861 895 2908 lari
912 2873 1031 2908 summus
1049 2859 1135 2908 honor
1152 2864 1212 2908 erat
1233 2862 1346 2926 regibus
1366 2881 1413 2914 ex-

237 2930 369 2980 inanitate
387 2947 483 2996 parum
503 2933 695 2997 procedebant.
843 2935 923 2997 teris,
939 2950 994 2984 non
1011 2936 1065 2984 nisi
1078 2936 1116 2984 iis
1131 2937 1216 2986 tribui
1234 2939 1343 3004 solitus,
1362 2945 1411 3006 qui

264 3015 413 3082 festinatur]
424 3017 582 3069 Transitiva
590 3018 716 3081 festinare
724 3018 802 3067 verbi
846 3012 879 3062 de
901 3011 1015 3074 imperio
1036 3013 1114 3063 Rom.
1138 3015 1207 3063 bene
1235 3018 1410 3082 meruissent,
1481 3055 1482 3078 ,

239 3091 362 3158 potestas
383 3097 557 3160 cognoscitur
575 3113 608 3146 εχ
624 3097 698 3146 Hist,
714 3098 761 3147 Fr,
778 3098 802 3160 I,
845 3106 877 3140 ac
896 3089 958 3139 fidei
977 3088 1114 3154 officiique
1137 3091 1298 3144 documenta
1320 3096 1410 3147 dedis·
1481 3081 1482 3098 ¹

240 3171 298 3224 123.
316 3173 725 3244 Profectionemfeatiaaatea.
742 3177 802 3225 Ine.
844 3171 918 3228 senii
936 3168 973 3217 of·
991 3168 1054 3219 Liv·
1073 3169 1177 3231 XXXI,
1199 3172 1245 3233 ll,
1266 3171 1308 3226 13.

239 3249 282 3300 71.
309 3248 429 3300 Soleae
454 3251 590 3314 festinare.
618 3252 679 3317 Iug.
704 3250 752 3314 73,
779 3252 801 3301 l.
879 3255 946 3317 qaod
973 3255 1171 3304 contumeliosum
1202 3257 1228 3304 ia
1256 3272 1299 3307 eoa
1321 3261 1403 3327 soret]

241 3325 362 3376 Metellus
391 3336 509 3377 cancta
536 3335 617 3390 parat
642 3330 784 3392 festinat
792 3359 803 3368 -
842 3331 929 3380 Paulo
953 3330 1046 3380 durius
1066 3331 1308 3382 demonstrativum
1330 3351 1406 3398 pree-

242 3417 306 3466 que.
333 3404 381 3464 77,
403 3404 426 3454 l.
453 3403 500 3466 81,
518 3407 544 3456 4.
845 3408 958 3458 missum
977 3412 1018 3458 est
1037 3407 1154 3471 nomini,
1178 3409 1214 3460 ad
1236 3412 1306 3474 quod
1324 3413 1404 3464 reler—
1480 3463 1481 3470 ,

273 3487 356 3536 LXV.
377 3486 401 3535 1.
420 3489 552 3536 secandum
563 3486 690 3552 heredem]
710 3487 803 3537 Secan-
845 3488 907 3545 tur3
933 3485 970 3534 cl.
988 3486 1057 3548 Nep.
1076 3485 1163 3536 Attia.
1184 3487 1229 3547 12,
1248 3485 1274 3535 5.
1293 3486 1364 3547 Quod
1378 3490 1404 3538 in

241 3563 298 3612 duan
328 3563 443 3614 heredem
471 3564 587 3614 Romani
618 3564 803 3628 appellabant,
844 3578 950 3614 eorum
973 3566 1110 3626 periculis,
1138 3580 1186 3614 noa
1203 3580 1275 3614 aecae
1291 3565 1404 3618 absentee

240 3641 300 3703 qui,
334 3643 358 3692 si
385 3642 488 3705 primus
515 3640 693 3691 hereditatem
728 3643 802 3693 adire
844 3656 917 3704 quam
937 3649 1087 3703 praesentes
1107 3643 1225 3692 amieos
1243 3641 1327 3691 Attica
1349 3659 1402 3695 erae

240 3720 289 3765 aut
311 3716 395 3768 nollet
419 3722 466 3767 eut
490 3733 544 3768 nou
568 3724 674 3783 posset,
700 3721 725 3770 ei
743 3737 803 3772 suc·
843 3732 932 3780 carae,
951 3719 1072 3782 capritana
1090 3725 1137 3768 eat.
1174 3719 1272 3770 lustin.
1290 3720 1312 3782 1,
1331 3719 1357 3783 3,
1375 3725 1399 3774 2.

240 3793 364 3844 cedebat.
395 3795 485 3860 Igitur
503 3795 619 3862 Micipsa
637 3802 802 3848 testamento
843 3794 889 3843 Ad
912 3793 975 3844 hreno
1007 3793 1240 3860 (Sardanapatwa)
1266 3797 1399 3858 uidendum,

240 3871 348 3922 videtur
363 3871 516 3938 scripsisse,
535 3878 565 3924 ut
578 3875 673 3928 Gauda
688 3881 745 3926 tum
758 3875 803 3925 he·
843 3871 911 3936 quod
926 3872 1016 3920 nerant
1032 3879 1090 3921 “²110
1106 3887 1167 3921 tvm
1177 3875 1327 3944 ,limittit
1346 3876 1400 3938 sut·

199 3993 202 4000 .
239 3965 282 4000 res
297 3953 385 4012 esset,
404 3950 428 4001 si
442 3951 484 4002 sui
496 3951 545 4002 filii
558 3958 586 4004 et
596 3954 728 4019 Iugurtha
743 3953 803 4004 sine
843 3956 899 4010 rat,
937 3949 1128 4011 praefectus
1163 3951 1244 4012 ipsias
1276 3950 1399 4002 Ardumue

239 4025 385 4077 heredibus
402 4029 502 4078 mortui
519 4033 619 4080 essent,
844 4041 916 4090 quum
945 4026 1042 4074 adttrt'ltt'
1067 4041 1158 4090 maptta
1186 4025 1316 4082 ambitione
1340 4029 1397 4079 Obil-

275 4103 584 4170 mordtaconsectueetc.]
601 4105 707 4168 cl.Ing.
724 4104 801 4168 li‚5.
842 4101 946 4152 buissei-
1108 4162 1111 4169 ,

273 4182 299 4232 2.
329 4192 356 4233 at
379 4185 466 4234 sellam
491 4185 564 4233 tacta
584 4181 700 4248 poneret]
734 4184 752 4232 i.
779 4199 803 4236 e.
880 4183 905 4234 3.
933 4182 1046 4250 anxiam]
1077 4184 1096 4235 i.
1125 4200 1149 4236 e.
1179 4189 1279 4250 negato
1304 4185 1397 4240 honore

238 4261 265 4304 al
284 4258 335 4308 aidi
361 4261 452 4310 liceret
472 4261 560 4309 sellam
581 4263 653 4311 iaxta
677 4260 804 4312 Metellum
845 4269 983 4310 cavernatum
1006 4267 1033 4310 et
1050 4261 1201 4314 ulciscendi
1218 4262 1329 4313 consilia
1344 4269 1397 4316 anl-

234 4346 344 4396 ponere,
373 4333 596 4398 quemadmodum
620 4352 715 4401 reges,
746 4338 804 4401 qui·
846 4337 1070 4400 movolventem;
1090 4339 1394 4404 et.1ag.11,8.ttt‚l.
