3024 4852
554 323 747 372 susurrus.
782 323 812 372 c.
837 325 908 372 xw.
1252 313 1307 374 141

101 481 139 532 18
153 497 237 558 quam
257 483 348 541 nostri
366 481 497 540 misereri
520 490 633 561 potest,
657 483 705 562 qui
728 481 882 562 aliquando
904 479 988 542 vobis
1009 479 1099 541 bostis
1118 479 1193 541 fnit?
1230 481 1313 542 Post·
1360 513 1362 520 ·

148 608 232 650 remo
253 591 405 652 Masinissa
427 609 482 652 nos
502 593 540 653 ita
562 592 700 669 instituit,
723 601 821 671 patres
844 593 1014 671 conscripti,
1037 609 1073 651 ne
1093 608 1178 669 quem
1198 593 1312 654 colere·

148 719 228 779 mus,
250 703 303 761 nisi
327 701 465 782 populum
487 703 670 781 Romanum,
683 721 720 762 ne
742 705 916 782 societates,
940 721 973 762 ne
995 693 1115 764 foedera
1137 719 1213 763 nova
1234 705 1312 764 acci-

149 828 302 889 peremus;
334 812 447 873 abunde
469 832 572 892 magna
595 813 740 894 praesidia
762 812 847 874 nobis
868 815 1012 875 innostra
1032 813 1155 874 amicitia
1176 813 1257 884 iore;
1288 815 1313 875 si

100 919 137 969 19
150 920 216 982 buic
239 924 363 1003 imperio
391 924 505 985 iortuua
527 933 697 1001 mutaretur,
727 943 781 984 una
806 923 990 985 occidendum
1018 922 1102 984 nobis
1125 942 1202 984 esse.
1246 927 1311 986 Vir·

146 1041 207 1092 tute
236 1052 271 1095 ac
298 1033 344 1094 dis
367 1035 533 1096 volentibus
558 1037 657 1114 magni
681 1036 752 1094 estis
780 1044 809 1094 et
833 1034 959 1114 opulenti
968 1058 974 1102 ;
1003 1035 1098 1095 omnia
1127 1035 1253 1096 secunda
1282 1045 1311 1094 et

97 1142 313 1205 200bedienua
337 1155 416 1216 sunt;
443 1163 508 1228 ,qno
531 1145 647 1206 facilius
675 1145 821 1205 sociorum
844 1145 957 1204 iniurias
982 1162 1084 1206 curare
1114 1146 1192 1206 licet.
1237 1145 1310 1206 Tan·

144 1263 203 1313 tum
226 1254 296 1315 illud
319 1231 500 1334 vereor,²ne
524 1273 600 1335 quos
622 1255 735 1334 privata
758 1256 880 1315 amicitia
898 1251 1051 1331 iugurthae
1070 1273 1170 1335 parum
1193 1258 1310 1333 cognita

144 1368 334 1425 transvorsos
357 1375 439 1444 agat,
468 1383 545 1445 quos
567 1385 625 1448 ego
653 1365 738 1426 audio
759 1384 887 1427 maxuma
915 1383 973 1445 ope
998 1367 1062 1444 niti,
1091 1366 1216 1445 ambire,
1246 1367 1309 1427 iati-

144 1491 218 1550 gare
247 1493 302 1536 vos
326 1476 472 1555 singulos,
501 1494 538 1536 ne
568 1475 635 1554 quid
662 1477 698 1537 de
720 1475 854 1554 absente,
884 1476 1027 1553 incognita
1052 1495 1172 1555 caussa,
1203 1485 1338 1580 statua-s

129 1585 196 1660 ,tis;
234 1585 348 1662 lingere
376 1605 421 1647 me
448 1586 539 1648 uerba
569 1596 598 1648 et
623 1587 721 1664 lugam
751 1586 899 1676 simulare,
935 1588 981 1646 cui
1007 1587 1121 1648 licuerit
1155 1589 1183 1646 in
1214 1607 1308 1666 regno

97 1693 131 1744 21
144 1711 273 1756 manere.
318 1697 403 1773 Quod
430 1698 536 1759 utinam
558 1697 652 1775 illum,
683 1699 764 1758 cuius
785 1698 873 1775 impio
891 1697 1022 1758 facinore
1044 1699 1073 1756 in
1099 1697 1151 1758 bas
1177 1700 1309 1759 miserias

142 1807 293 1883 proiectus
322 1827 397 1885 sum,
427 1808 528 1870 eadem
556 1808 629 1868 baec
658 1807 835 1866 simulantem
863 1806 992 1884 videam,
1022 1816 1052 1866 et
1080 1806 1235 1885 aliquando
1260 1817 1309 1868 ant

140 1915 218 1994 apud
239 1935 296 1977 vos
318 1930 366 1979 aut
388 1920 464 1999 apud
485 1919 558 1979 deos
580 1917 748 1978 immortalis
775 1933 869 1976 rerum
890 1915 1074 1978 humanarum
1096 1935 1165 1978 cura
1185 1920 1307 1987 oriatur;

141 2043 179 2084 ne
198 2025 263 2104 ille,
292 2031 340 2107 qui
365 2049 440 2090 nunc
459 2028 623 2089 sceleribus
645 2029 704 2104 suis
725 2027 811 2088 lerox
830 2036 916 2105 atque
940 2026 1110 2106 praeclarus
1133 2037 1192 2106 est,
1216 2031 1306 2088 omni·

141 2136 196 2196 bus
221 2137 304 2198 malis
326 2140 512 2200 excruciatus
540 2139 695 2218 impietatis
721 2139 749 2197 in
779 2147 924 2218 parentem
953 2145 1096 2215 nostrum,
1124 2138 1223 2198 iratris
1251 2141 1307 2200 mei

98 2251 132 2300 22
142 2250 225 2308 necis
245 2267 431 2330 mearumque
459 2252 637 2311 miseriarum
660 2248 760 2328 gravis
783 2267 891 2328 poenas
911 2248 1023 2309 reddet.
1068 2247 1184 2310 lamiam
1206 2249 1306 2328 irater,

141 2360 235 2420 animo
262 2378 328 2421 meo
356 2364 528 2441 carissume,
561 2377 733 2441 quamquam
756 2359 806 2420 tibi
833 2361 998 2436 immaturo,
1028 2367 1056 2419 et
1080 2357 1154 2420 unde
1183 2361 1306 2420 minume

141 2467 255 2549 decuit,
290 2473 347 2532 vita
377 2483 478 2552 erepta
508 2483 568 2549 est,
601 2481 696 2556 tamen
728 2471 887 2532 laetandum
916 2474 1008 2550 magis
1036 2485 1120 2551 quam
1151 2470 1306 2539 dolendum

98 2581 212 2656 23puto
236 2599 334 2641 casum
355 2591 449 2654 tuum;
479 2601 536 2644 non
559 2584 633 2643 enim
656 2599 793 2660 regnum,
822 2583 872 2642 sed
893 2583 1008 2661 lugam,
1036 2583 1168 2660 exilium,
1190 2592 1306 2680 qesta·

141 2697 248 2749 temet
273 2694 366 2752 omnis
389 2694 457 2771 bas,
489 2712 564 2772 quae
591 2712 636 2753 me
659 2699 805 2771 premunt,
833 2709 982 2753 aerumnas
1010 2711 1073 2752 cum
1100 2693 1192 2753 anima
1222 2693 1305 2760 simul
1345 2757 1347 2762 ,

140 2801 268 2860 amisisti.
319 2801 359 2862 m
386 2821 445 2880 ego
475 2803 593 2881 infelix,
630 2804 660 2861 in
686 2809 764 2860 tanta
797 2799 870 2860 mala
904 2804 1109 2882 praecipitatus
1140 2820 1178 2862 ex
1211 2804 1305 2882 patrio

139 2981 286 3035 iunctivam
300 2987 552 3054 interrogationem,
569 2989 616 3040 sed
628 3003 705 3054 prae·
779 2986 821 3036 21.
839 2984 974 3051 proiectus]
994 2985 1155 3038 Germanice
1168 2991 1210 3038 est
1221 2991 1306 3050 prois-

140 3059 246 3110 eedenti
263 3063 472 3130 interrogationi
490 3081 590 3116 novam
610 3067 704 3117 adiun-
741 3064 869 3130 pepebeu;
897 3063 931 3114 ci.
957 3065 1001 3114 Fr.
1025 3064 1099 3114 Hist.
1131 3064 1192 3127 III,
1221 3067 1251 3130 1,
1280 3067 1304 3118 1.

140 3137 193 3200 git,
219 3153 272 3202 qua
296 3140 343 3191 illa
367 3143 410 3192 val
433 3144 580 3194 artioribus
603 3145 702 3196 finibus
744 3140 1013 3204 Quemproiectum
1029 3142 1165 3192 adbellare
1181 3146 1306 3195 saevissu-

124 3214 391 3283 ,circumscribatum
410 3219 455 3271 vel
473 3223 640 3288 corrigatur;
665 3222 701 3273 cf.
743 3235 804 3267 mum
822 3243 857 3255 -
870 3218 1106 3282 same'consett'ttt't·

139 3307 220 3355 supra
243 3297 268 3357 ξ.
295 3296 336 3349 15.
359 3299 405 3350 Fr.
432 3300 510 3350 Hist.'
531 3301 559 3362 1,
583 3300 632 3364 49,
658 3292 701 3352 2'1.
777 3311 808 3344 ue
825 3297 869 3346 ille
887 3327 921 3336 -
938 3295 1037 3362 reddet]
1056 3297 1133 3347 Haec
1150 3296 1191 3348 its
1210 3297 1307 3350 cobse-

136 3370 179 3434 ΙΙ,
198 3371 245 3434 50,
265 3373 290 3426 3.
742 3376 804 3422 rent
823 3389 883 3424 cum
908 3374 993 3425 altaro
1015 3378 1108 3440 optato
1129 3373 1233 3439 (utinum
1258 3379 1306 3428 ali-

170 3449 261 3517 uostru]
280 3468 308 3504 v.
328 3453 363 3504 ad
383 3453 443 3505 (lat.
463 3455 491 3517 I,
509 3453 535 3511 3,
742 3453 842 3517 quando
860 3479 895 3490 ·-
907 3469 970 3503 eura
984 3452 1105 3519 ematur),
1124 3457 1155 3504 ut
1168 3453 1306 3506 Adherbal

174 3526 215 3579 18.
238 3528 294 3580 truie
312 3530 424 3598 imperio]
454 3533 521 3582 Huic
544 3535 702 3598 pronomine
743 3529 909 3582 confidenter
931 3533 1101 3597 pronuntiat,
1120 3535 1145 3582 ei
1165 3533 1237 3584 modo
1254 3533 1305 3584 lio-

137 3604 221 3655 utitur
239 3607 392 3672 Adherbal,
415 3611 600 3676 quia-Romae
618 3611 702 3662 verba
743 3611 810 3659 moui
825 3617 870 3659 aut
886 3609 923 3661 clii
938 3610 987 3661 sibi
1003 3612 1165 3674 opitulentur,
1182 3609 1304 3675 prolecto

138 3681 212 3731 facit.
530 3697 534 3706 ·
743 3686 902 3752 Iugurtham
911 3703 1012 3752 poenas
1022 3688 1151 3738 scelerum
1163 3686 1304 3748 daturum

171 3758 212 3809 10.
236 3761 702 3828 manumittuduerecrete.]}1aec
741 3765 777 3816 ci.
798 3763 858 3816 Oet.
875 3765 923 3826 52,
946 3767 989 3816 57.
1011 3765 1037 3814 N
1043 3782 1057 3816 e
1073 3770 1122 3816 reta
1145 3767 1306 3818 nmmuetudo

137 3837 164 3886 in
182 3839 339 3904 abruptiora
357 3841 481 3890 oratione
498 3842 538 3891 ita
556 3842 702 3894 cohaerent
743 3865 777 3880 -
795 3845 820 3892 in
837 3843 962 3891 adsertam
976 3849 1150 3893 convertet.

137 3932 198 3967 cum
216 3917 454 3968 antecedentibus:
477 3919 572 3983 Neque
596 3919 703 3983 dubito,
777 3918 916 3968 sectentur
939 3920 1020 3982 feroce
1043 3926 1118 3983 atque
1137 3916 1303 3984 praeclarare]

138 3995 201 4058 quin
224 3994 290 4043 mihi
311 4009 389 4059 opem
412 3995 494 4044 laturi
513 3997 588 4059 sitis,
612 3998 636 4046 si
659 3999 699 4046 in·
739 3996 758 4046 i.
778 4010 802 4045 c.
819 3993 865 4059 qui
882 3994 915 4044 ob
935 3993 1039 4044 scelera
1063 3994 1186 4044 feliciter
1197 3998 1306 4059 patrata

137 4072 294 4124 tellexeritis
313 4073 371 4122 iure
389 4087 431 4122 me
449 4074 542 4136 queri;
567 4073 615 4123 sed
640 4078 700 4123 tan·
741 4071 865 4136 superbit
897 4071 1020 4135 adeoque
1053 4071 1222 4138 splendorem
1251 4071 1304 4122 sibi

57 4183 59 4188 ,
138 4154 194 4199 tum
210 4149 277 4199 illud
295 4143 405 4212 vereor,
426 4154 478 4203 etc.
718 4147 856 4198 addidit.

169 4244 258 4292 parrum
276 4227 385 4294 capuita]
405 4228 424 4280 i.
440 4244 464 4278 e.
481 4242 549 4292 qnae
566 4243 646 4294 qnam
658 4229 699 4277 in·
775 4228 818 4276 22.
837 4223 913 4290 unde]
933 4241 961 4275 v.
979 4226 1015 4276 ad
1032 4226 1092 4278 eat.
1110 4224 1140 4290 3,
1160 4227 1186 4280 3.

138 4305 190 4355 fida
216 4310 243 4356 et
268 4305 440 4356 fraudulenta
466 4306 516 4368 sit,
545 4320 641 4370 parum
661 4305 701 4355 illi
777 4302 821 4356 23.
840 4301 954 4368 amisisti]
975 4303 1029 4354 Per
1046 4319 1158 4371 neugma
1176 4306 1228 4356 hoc
1246 4320 1306 4356 ver-

137 4387 330 4449 cognoverunt.
544 4385 546 4391 ’
741 4383 805 4433 bum
829 4381 864 4432 ad
882 4385 1011 4447 quattuor
1034 4383 1157 4448 proxima
1180 4384 1305 4435 substan-
