3028 4852
606 288 783 336 curtetur..
807 289 837 338 C.
861 291 893 338 V.
1296 280 1333 340 41

135 449 261 528 tibique
285 449 461 508 iuuentutem
486 465 565 506 suam
588 449 730 508 exercuit.
776 443 893 525 Corpus
916 447 1030 525 patiens
1054 446 1184 524 inediae,
1213 447 1337 526 algoris,

136 559 299 636 avigiliuo,
331 576 419 637 supra
440 577 525 638 quam
549 559 681 636 cuiquam
704 556 853 619 credibile.
898 557 1019 616 Animus
1041 556 1152 634 audax,
1185 555 1335 634 subdolus,

163 671 277 746 varius,
306 669 388 729 cuius
413 669 456 728 rei
484 668 564 729 lubet
590 669 740 730 simulator
767 689 802 730 ac
824 668 1035 736 dissimulatum
1068 666 1155 726 alieni
1180 677 1336 747 appetens,

123 765 124 776 ἵ
164 781 208 840 sui
230 780 384 859 profusus,
412 780 518 841 ardens
546 782 573 840 in
597 779 816 859 cupiditatibus;
848 781 918 840 sutis
940 777 1144 858 eloquentiae,
1174 779 1336 857 supientiae

136 893 275 970 bparum.
325 892 433 951 Vastus
453 893 563 950 animus
584 889 789 967 immoderata,
812 888 1009 966 incredibilia,
1034 889 1116 948 nimis
1138 889 1195 948 alta
1219 907 1337 968 semper

137 1001 313 1080 ocupiebat.
358 1001 441 1061 Hunc
464 1010 532 1079 post
554 1000 778 1062 dominationem
801 1001 869 1062 Luci
893 1000 992 1061 Sullae
1020 999 1119 1060 lubido
1143 1018 1273 1061 maxuma
1297 1000 1336 1059 in·

163 1121 282 1172 vaserat
303 1111 484 1191 reipublicae
507 1112 686 1192 capiundae,
709 1129 806 1190 neque
828 1110 856 1171 id
876 1111 980 1190 quibus
1000 1109 1093 1170 modis
1117 1119 1336 1189 assequeretur,

134 1221 227 1281 7dum
257 1220 310 1280 sibi
345 1240 466 1299 reguum
498 1221 635 1300 pararat,
668 1223 822 1300 quicquam
858 1221 941 1300 pensi
974 1220 1110 1281 babebat.
1162 1219 1336 1299 Agitabatur

163 1331 257 1409 magis
282 1332 433 1409 magisque
461 1332 489 1390 in
512 1331 576 1392 dies
602 1333 712 1392 animus
739 1333 826 1392 ieron
846 1332 944 1410 inopia
972 1333 1014 1392 rei
1037 1330 1186 1392 familiaris
1215 1340 1244 1390 et
1268 1349 1335 1390 cou-

164 1442 286 1501 scientia
311 1441 471 1519 scelerum,
495 1461 570 1522 quae
590 1450 713 1524 utraque
731 1443 766 1502 iis
784 1441 894 1503 artibus
914 1452 1052 1519 auxerat,
1076 1459 1149 1520 quas
1169 1460 1257 1522 supra
1277 1461 1335 1502 me·

135 1551 284 1610 timorati.
329 1550 490 1611 Incitabant
518 1562 674 1632 praeterea
703 1552 833 1632 corrupti
866 1554 991 1613 civitatis
1015 1571 1128 1629 mores,
1164 1571 1239 1631 quos
1268 1571 1335 1633 pes·

163 1680 243 1722 suma
272 1680 308 1722 ac
330 1662 448 1726 divorsa
474 1668 551 1726 inter
580 1687 613 1728 se
635 1665 729 1741 mala,
759 1663 872 1724 luxuria
895 1673 982 1742 atque
1012 1665 1148 1740 avaritia,
1179 1663 1335 1724 vexabant.
1407 1703 1410 1710 ι

160 1859 246 1902 mulsam
258 1860 309 1914 est,
330 1855 397 1918 quod
411 1856 583 1921 ultraquam
600 1857 663 1906 satia
681 1860 727 1916 est,
770 1853 834 1909 tent,
858 1853 901 1914 qui
915 1875 952 1886 --
969 1849 1034 1899 bello
1058 1864 1148 1899 auerso
1171 1849 1203 1898 ab
1226 1849 1336 1901 hostibus

158 1931 263 1992 petitur.
768 1929 879 1992 patrium
893 1943 963 1977 suum
980 1930 1154 1990 cepissent.

195 2009 222 2058 4.
237 2006 334 2073 uarius]
359 2008 403 2058 Ita
426 2007 525 2059 dicitur
548 2013 655 2070 auinaue,
681 2010 727 2074 qui
805 2002 916 2070 regnum]
942 2005 961 2056 i.
984 2021 1008 2056 e.
1038 2005 1140 2070 regiam
1171 2007 1335 2070 potestatem

160 2103 215 2138 non
239 2101 321 2137 unam
344 2086 478 2136 rationem
502 2090 638 2155 sequitur,
668 2086 725 2148 sed,
769 2085 828 2135 sive
850 2082 1037 2148 tyrannidem
1061 2099 1087 2134 v.
1108 2085 1142 2134 ad
1161 2086 1191 2148 2,
1210 2084 1233 2134 1.
1252 2088 1279 2134 et
1297 2082 1333 2134 ci.

160 2169 240 2230 prout
260 2164 367 2215 occasio
386 2163 480 2215 oblato
498 2172 554 2229 est,
579 2167 612 2217 cd
633 2181 725 2232 quam·
770 2164 831 2228 Iug.
848 2162 891 2225 31,
909 2163 934 2213 7.
952 2160 1040 2212 Occiso
1062 2163 1099 2213 Ti.
1122 2163 1245 2224 Graccho,
1265 2179 1335 2227 quamn

160 2260 266 2311 cunque
295 2260 351 2294 rem
384 2245 585 2310 suscipiendam
614 2252 725 2312 paratus
769 2259 896 2308 regnum
911 2258 1030 2305 parare
1048 2242 1157 2294 aiebant.
1178 2242 1334 2303 (tatum.

161 2328 216 2385 est;
235 2321 399 2388 quodquala
416 2324 468 2385 sit,
488 2325 629 2390 sequentia
648 2341 727 2378 cocu·
803 2338 883 2386 neque
906 2348 940 2356 -
965 2323 1094 2386 quicquum
1118 2325 1193 2386 pensi
1213 2321 1332 2388 lababat]

159 2401 245 2452 ratius
265 2400 414 2452 declarant.
769 2401 876 2450 Peneum
901 2415 983 2464 quum
1012 2400 1062 2463 sit,
1096 2400 1168 2466 quod
1192 2400 1333 2465 pondendo

193 2480 322 2529 simulator
339 2494 371 2528 uc
388 2475 567 2541 dissimulator]
591 2478 728 2530 Adiectivi
769 2477 947 2543 exploratum,
963 2483 1075 2541 certum,
1091 2479 1268 2528 constitutum
1283 2483 1333 2541 est,

159 2560 296 2622 potestate
318 2556 386 2606 haee
409 2556 444 2607 ad
462 2558 557 2606 anianus
574 2558 726 2608 subiectum
768 2554 900 2606 formulae
918 2570 1013 2606 sensus
1033 2561 1086 2606 est:
1116 2558 1177 2607 nubit
1194 2559 1274 2621 plotae
1291 2573 1334 2605 cu-

159 2637 326 2699 referuutur,
360 2639 392 2686 ut
426 2635 512 2686 multa
541 2636 724 2701 substantiva,
767 2649 843 2696 rure,
867 2635 938 2682 nulla
961 2637 1060 2684 ratione
1082 2642 1128 2684 out
1149 2651 1212 2684 carro
1234 2649 1334 2684 cornuto-

160 2715 257 2780 quibus
275 2731 392 2780 persona
411 2714 592 2781 significatum
612 2716 722 2784 cilug.
766 2714 835 2770 veri‚·
857 2711 893 2762 cf.
919 2711 980 2762 eat.
1006 2713 1047 2774 12,
1073 2715 1100 2762 2.
1124 2714 1167 2775 52,
1191 2710 1234 2762 34.
1271 2713 1333 2776 Iug.

160 2795 208 2858 64,
233 2796 258 2846 i.
286 2795 391 2845 Metello
417 2797 502 2844 inerat
523 2802 724 2858 contemptor
767 2791 810 2853 49,
829 2787 855 2838 9.
893 2788 1018 2840 Ceterum
1031 2793 1108 2854 pensi
1129 2806 1183 2841 non
1201 2794 1243 2840 est
1261 2790 1335 2856 geui-

159 2875 276 2923 onimus
305 2880 330 2922 et
357 2872 484 2936 superbio.
529 2871 587 2922 Cic.
610 2888 637 2936 p.
666 2873 726 2926 Mil.
767 2869 840 2918 tirus
859 2867 953 2930 pretii,
977 2867 1025 2917 sed
1045 2883 1077 2918 ex
1096 2868 1170 2930 nibil,
1194 2863 1333 2932 quicquam,

161 2951 207 3014 19,
227 2949 270 3003 50.
299 2950 438 3000 Latronem
463 2951 602 3000 occultator
633 2957 658 3000 et
683 2967 726 3001 re·
769 2944 866 2996 aliisve
887 2943 1028 2994 vocabulis
1054 2946 1208 2995 sustaniive
1234 2945 1332 3009 positis

157 3037 274 3092 captator
291 3029 368 3078 locus.
767 3021 877 3088 pendet.
1341 3019 1347 3032 '

194 3107 272 3156 alieni
287 3099 419 3166 appetens]
439 3103 515 3153 Haec
539 3108 567 3154 et
586 3105 728 3168 sequentia
803 3105 828 3152 7.
856 3094 948 3163 ferox]
985 3097 1004 3147 i.
1040 3113 1064 3148 e.
1099 3097 1260 3160 indomitus,
1298 3097 1333 3147 ab

159 3203 214 3237 non
234 3183 350 3248 amplius
374 3182 524 3232 subiectum
551 3183 653 3232 habent
672 3189 726 3234 am:
769 3178 841 3228 omni
859 3175 1028 3226 humanitate
1047 3175 1165 3239 alienus,
1184 3175 1220 3225 ad
1235 3177 1290 3226 vim
1306 3189 1333 3231 et

158 3281 211 3316 mus
228 3278 338 3324 uocem,
358 3266 389 3311 ut
406 3261 512 3326 priora;
536 3263 584 3312 sed
606 3263 646 3312 ita
669 3279 727 3314 mu·
768 3255 875 3320 flagitia
893 3253 1027 3319 patranda
1044 3269 1154 3319 pronus·

158 3349 233 3394 tetur
250 3340 351 3402 oratio,
374 3355 421 3404 per
445 3341 540 3390 brevia
558 3343 646 3392 incisa
663 3355 725 3408 pro·
802 3335 833 3382 52'8
852 3329 959 3396 arabili]
977 3347 1004 3382 V·
1024 3332 1059 3382 ad
1079 3331 1139 3383 Cal·
1158 3335 1183 3395 2³
1203 3336 1228 3382 4·

159 3421 270 3481 cedens,
299 3422 329 3468 ut
358 3417 419 3482 ipsa
444 3417 580 3469 Catilinae
609 3435 725 3484 persona
802 3410 827 3460 8·
847 3407 995 3474 ittsst'lab‘mi]
1017 3424 1055 3462 ⁸⁰·
1078 3425 1143 3470 eum,
1169 3410 1203 3460 fid
1221 3425 1333 3474 regnum

72 3495 76 3502 ’
158 3501 243 3551 tacite
260 3485 402 3547 inferaturss
768 3487 864 3552 quovis
883 3487 964 3537 modo
982 3486 1141 3551 parandum.

194 3581 219 3629 5,
242 3573 339 3640 mm]
367 3575 386 3624 ῑ,·
411 3589 433 3625 e,
460 3573 569 3624 m0dum
591 3573 723 3624 'excedens
802 3563 914 3630 divorso]
937 3565 956 3614 i.
976 3579 1000 3614 e.
1020 3564 1198 3614 exadversum
1216 3562 1269 3612 sibi
1287 3577 1334 3625 op·
1426 3573 1428 3578 ’

160 3662 187 3708 et
216 3653 349 3720 profunda
380 3651 529 3716 eupiditate
558 3652 723 3717 exagitatus,
766 3641 872 3704 POSststs
898 3641 978 3705 Plane
996 3641 1147 3701 contraria3
1170 3657 1197 3691 V·
1218 3640 1251 3690 ad
1271 3640 1332 3689 Osti-

159 3749 211 3801 quo
227 3731 272 3782 vel
282 3729 397 3779 maxime
415 3730 577 3780 cernebatur
588 3729 724 3779 Catilinae
766 3721 792 3780 ²,
814 3719 836 3768 ¹·
857 3719 917 3784 Iug.
937 3721 979 3782 35,
998 3721 1041 3771 20·

153 3825 245 3876 porum
264 3809 349 3874 fuisse
367 3808 515 3870 sapientiae.
785 3803 939 3874 'necabantl
964 3809 1083 3871 Vocare,
1110 3805 1252 3856 cociendo
1270 3801 1333 3854 du'e-

192 3895 218 3946 6.
237 3900 299 3958 post
321 3894 508 3943 dominationem
532 3891 564 3939 L.
583 3887 680 3954 Sullae]
705 3889 723 3939 i.
767 3888 838 3946 tum,
857 3885 966 3949 proprie
985 3890 1026 3936 est
1041 3885 1094 3934 buc
1111 3883 1175 3933 illue
1188 3877 1271 3944 forre,
1289 3899 1333 3932 re-

158 3989 182 4023 e.
201 3975 346 4036 postquam
363 3969 438 4022 Sulla
454 3969 555 4035 primus
565 3983 648 4017 ausus
666 3971 724 4016 erat
767 3977 830 4024 pere
849 3967 876 4012 et
889 3963 1051 4023 distrahere3
1071 3961 1203 4010 translata
1219 3975 1273 4010 non
1290 3978 1333 4012 so-

157 4052 286 4103 libertatc
309 4048 419 4099 sublata
448 4047 572 4097 dominus
601 4046 723 4096 civitatis
765 4037 821 4088 lum
849 4039 985 4104 significat
1007 4041 1127 4103 negotium
1152 4039 1229 4088 alioci
1246 4038 1332 4100 facea-

158 4129 225 4179 fieri.
410 4149 412 4154 ·
766 4132 838 4176 sere,
864 4116 912 4166 sed
933 4121 990 4166 tum
1014 4117 1047 4166 de
1068 4115 1191 4180 personis
1216 4118 1272 4164 tum
1297 4116 1330 4166 de

192 4201 347 4269 capiundae]
377 4203 475 4265 Capera
511 4197 606 4250 hostili
641 4211 723 4247 seusu
764 4197 845 4246 rebus
864 4196 965 4245 dictum
983 4194 1057 4245 valet
1075 4192 1155 4243 etiarn
1172 4207 1332 4256 corrumpere

158 4285 259 4334 dictum
289 4281 364 4331 valet
393 4294 531 4343 commone,
567 4276 610 4328 vel
633 4277 727 4339 potiri:
766 4270 1189 4336 coperuere,·cf.cat.20,12.
1217 4270 1332 4321 Omnibus

158 4363 194 4414 ei.
213 4362 275 4412 Liv.
303 4359 362 4422 III,
381 4359 423 4420 50,
446 4359 486 4408 la.
516 4356 582 4419 Quid
601 4354 650 4405 sibi
671 4356 721 4404 oei·
764 4351 842 4401 toodis
859 4351 1031 4414 pecuniam
1057 4348 1174 4410 trudunt,
1199 4357 1330 4399 vomant.
