3024 4852
431 287 623 338 mannaan.
653 289 683 337 o.
708 290 809 339 xxm.
834 293 930 340 nuru.
952 292 1035 340 xxv.
1255 285 1312 345 151

107 451 181 504 tan
204 445 279 506 lame
305 447 401 506 acrius
430 464 554 525 urgear,
579 447 707 511 inoertus
735 466 806 509 sum.
851 449 937 510 l'lura
961 449 997 509 de
1018 448 1156 527 Iugurtha
1182 451 1314 514 seribere

141 555 316 616 dehortatur
334 575 379 617 me
397 559 511 618 lortuna
533 577 611 629 mea;
634 568 663 619 et
682 559 737 619 iam
758 568 841 620 antea
862 569 1002 639 expertus
1024 579 1100 638 sum,
1124 579 1224 640 parum
1246 563 1318 624 fidet

108 665 260 728 5miseris
282 685 364 737 esse;
394 669 448 728 nisi
469 678 563 730 tamen
587 669 747 748 intellego,
775 670 854 730 illum
874 688 963 751 supra
986 688 1071 749 quam
1096 689 1154 749 ego
1178 691 1239 732 sum
1262 692 1313 753 pe·
1408 675 1411 680 '

141 785 223 854 tere,
253 781 353 858 'neque
386 779 468 840 simul
497 781 648 840 amicitiam
678 789 820 858 vostram
839 790 868 841 et
896 799 1018 859 regnum
1051 800 1145 842 meum
1180 801 1312 862 sperare.

105 888 245 949 6Utrum
267 891 386 967 gravius
408 891 579 967 existumet,
608 893 713 951 nemini
733 890 878 952 oecultum
900 900 956 951 est.
1000 890 1073 951 Nam
1102 892 1182 952 initio
1205 894 1314 954 oooidit

139 997 356 1079 Hiempsalem,
384 1001 504 1062 fratrem
532 1019 640 1078 meum,
669 1001 737 1061 dein
766 1002 861 1080 patrio
890 1019 983 1078 regno
1011 1021 1057 1061 me
1085 1002 1211 1082 expulit;
1238 1021 1312 1082 quae

109 1118 215 1170 7sane
237 1111 344 1171 luerint
366 1121 485 1174 nostrae
513 1112 650 1189 iniuriae,
678 1110 748 1171 nihil
777 1112 812 1172 ad
840 1109 905 1172 uos.
950 1113 1060 1173 Verum
1086 1131 1160 1173 nuno
1184 1122 1313 1172 vostrum

140 1237 265 1296 regnum
283 1223 371 1282 armis
392 1231 487 1300 tenet,
515 1240 577 1296 me,
602 1239 688 1300 quern
708 1239 762 1282 vos
783 1223 989 1302 imperatorem
1011 1221 1141 1283 Numidis
1164 1223 1311 1302 posuistis,

141 1330 272 1391 olausum
295 1331 425 1418 obsidet;
456 1331 621 1409 legatorum
642 1331 732 1393 verba
756 1333 852 1412 quanti
872 1333 993 1409 lecerit,
1023 1332 1153 1413 pericula
1176 1350 1239 1392 mea
1262 1332 1312 1392 de-

107 1404 265 1539 {planant
310 1441 384 1518 Quid
404 1442 560 1522 reliquum,
582 1445 635 1505 nisi
658 1446 702 1505 vis
724 1454 840 1522 vostra,
864 1463 921 1524 quo
943 1443 1056 1504 moveri
1078 1440 1193 1522 possit?
1237 1442 1336 1544 Namj

142 1567 202 1626 ego
226 1551 341 1630 quidem
364 1552 489 1629 vellem,
518 1555 659 1632 ethaeo,
689 1573 763 1634 quae
785 1554 901 1633 soribo,
932 1564 961 1615 et
986 1555 1051 1633 illa,
1081 1572 1156 1633 quae
1175 1553 1310 1616 antesin

141 1669 244 1720 senatu
267 1672 387 1741 questus
414 1683 494 1742 sum,
523 1683 596 1726 vana
618 1666 716 1727 forent
737 1666 848 1746 potius,
879 1684 963 1744 quam
988 1666 1104 1726 miseria
1132 1665 1196 1725 mea
1224 1663 1311 1723 tidem

96 1777 132 1827 10
145 1771 244 1832 verbis
263 1773 385 1836 faoeret.
429 1776 488 1836 Sed
511 1777 645 1855 quoniam
668 1795 705 1839 eo
727 1786 908 1854 natussum,
940 1786 970 1836 ut
990 1774 1145 1854 iugurthae
1166 1772 1311 1834 soelerum

142 1885 268 1944 ostentui
289 1903 403 1964 essem,
429 1903 486 1946 non
512 1889 568 1947 iam
589 1895 710 1948 mortem
730 1906 826 1967 neque
848 1905 1016 1965 aerumnas,
1042 1882 1236 1946 tantummodo
1260 1883 1310 1940 ini-

141 1993 209 2052 mici
237 1995 389 2074 imperium
416 2005 444 2056 et
474 1999 619 2058 eruciatus
648 1999 784 2078 eorporis
809 1997 965 2076 depreoor.
1016 1996 1123 2073 Regno
1150 1991 1309 2069 Numidiae,

143 2102 221 2182 quod
243 2115 371 2166 vostrum
393 2115 453 2185 est,
482 2109 521 2168 uti
544 2108 640 2185 lubet,
672 2107 830 2176 consulite;
859 2125 905 2167 me
925 2106 1057 2167 manibus
1086 2105 1182 2183 impiis
1196 2103 1309 2195 ¹eripite

142 2230 197 2292 per
218 2215 397 2277 maiestatem
418 2218 538 2296 imperi,
567 2237 620 2298 per
642 2218 785 2278 amicitiae
808 2217 909 2294 fidem,
938 2218 962 2276 si
992 2216 1049 2278 ulla
1072 2215 1148 2297 apud
1170 2231 1225 2274 vos
1249 2231 1307 2272 me-

139 2325 231 2385 moria
252 2337 383 2388 remanet
404 2330 450 2388 avi
472 2330 528 2388 mei
550 2329 731 2390 Masinissae.

224 2436 318 2498 XXV.
361 2437 413 2498 llis
438 2439 542 2500 litteris
568 2441 698 2501 recitatis
725 2440 823 2516 luere,
859 2438 908 2517 qui
936 2437 1096 2497 exereitum
1121 2439 1150 2498 in
1178 2435 1308 2496 hirioam

140 2546 305 2608 mittendum
329 2559 501 2627 censerent,
529 2559 558 2611 et
577 2568 661 2629 quam
684 2552 805 2629 primum
825 2548 984 2610 Adherbali
1007 2543 1246 2616 subveniundum
1271 2545 1308 2605 de

139 2655 277 2734 lugurtha
304 2653 417 2719 interim
446 2662 485 2720 uti
514 2660 731 2736 consuleretur,
766 2661 901 2738 quoniam
928 2658 1033 2736 legatis
1063 2678 1120 2718 non
1150 2658 1306 2736 paruisset.

113 2767 199 2828 esed
227 2766 264 2828 ab
294 2769 385 2830 isdem
408 2768 467 2829 illis
494 2773 576 2848 regis
603 2769 764 2832 fautoribus
793 2787 901 2828 summa
932 2787 989 2847 ope
1020 2762 1145 2846 enisum,
1183 2785 1220 2825 ne
1248 2765 1306 2824 tale

175 2970 258 3018 supra
274 2983 309 2994 --
325 2953 424 3020 petere]
453 2955 471 3004 i.
493 2969 517 3007 e.
541 2956 570 3006 in
587 2971 701 3006 menon
742 2952 829 3003 Nimis
847 2966 913 3000 vora
936 2955 1000 3002 nunt
1018 2953 1078 3003 maa
1098 2951 1197 3001 verba!
1224 2965 1252 3000 v.
1271 2946 1305 2998 ad

142 3031 303 3095 subsistere,
329 3029 378 3080 sed
397 3034 502 3082 attenua
524 3033 641 3094 tendere,
662 3047 701 3081 so.
744 3029 803 3079 Cat.
821 3029 870 3091 52,
889 3027 933 3080 34.

141 3110 219 3160 vobis
234 3109 301 3174 ipsis
319 3107 426 3158 hostem
440 3108 507 3171 fore,
523 3124 637 3175 quorum
652 3109 701 3158 im·
779 3108 820 3158 10.
849 3109 951 3158 miseria
975 3103 1041 3172 meo]
1075 3121 1114 3157 so.
1141 3119 1200 3156 sero
1226 3103 1305 3154 vohis

141 3187 214 3254 perio
233 3202 262 3236 se
280 3185 439 3237 subtrahere
456 3191 545 3251 parat.
743 3185 864 3250 cognita.

177 3283 264 3332 mmm
279 3280 542 3347 yrappweaepgmmetp
560 3281 578 3332 i·
597 3297 620 3332 θ,
639 3297 702 3332 neu.
778 3271 804 3313 ut
832 3258 969 3327 luporthoe
994 3261 1114 3310 scelernm
1138 3260 1244 3308 ostentui
1266 3273 1306 3307 ea-

140 3365 208 3411 trum
218 3373 278 3408 eum
287 3369 373 3422 grave
385 3357 548 3410 existumare
558 3363 708 3409 :utrum-·
743 3339 804 3406 Μ’]
823 3341 842 3392 i·
855 3355 880 3391 θ·
899 3343 930 3388 Ut
941 3338 970 3387 in
988 3353 1031 3388 ¹¹¹⁰
1047 3336 1235 3388 “tenderem
1246 3339 1305 3386 ΒΜ

141 3453 190 3504 qu,
207 3435 284 3487 iuxta
302 3437 465 3486 aestumare,
524 3477 528 3484 Ι
743 3422 967 3484 cognosceretur,
996 3431 1065 3482 quae
1089 3415 1224 3482 Iugurtha
1249 3429 1307 3464 soe-

173 3532 198 3580 7.
222 3537 329 3580 vostrum
347 3527 458 3595 repnum]
490 3545 528 3581 so.
552 3528 623 3594 quod
646 3531 700 3580 Ro·

142 3608 212 3659 mani
229 3606 376 3657 Adherbali
397 3607 426 3657 in
451 3607 583 3658 divisione
608 3608 701 3658 Numi-

142 3685 200 3734 diae
219 3682 256 3748 (v.
278 3685 319 3747 16,
338 3685 376 3747 2.)
396 3686 614 3751 assignaverant.
742 3730 930 3780 Clementiae
948 3743 1034 3778 suae.
1101 3743 1103 3748 ¹

173 3775 302 3841 posuistis]
321 3775 357 3827 oi.
377 3777 434 3829 Cio.
454 3795 480 3844 p.
497 3779 599 3828 Flacco
618 3795 642 3829 o.
658 3777 699 3842 19,
777 3821 855 3871 'wo
873 3831 907 3842 „
926 3803 1058 3869 consulite]
1086 3806 1104 3854 i·
1124 3819 1148 3855 e·
1168 3805 1202 3854 de
1221 3818 1304 3868 regno

141 3860 181 3908 45.
199 3856 353 3918 Hemuippoo
368 3862 451 3906 eustos
465 3857 589 3919 frumento
602 3857 701 3919 publico
744 3862 890 3933 decemp„

142 3933 333 3996 mmm*
777 3961 862 4012 XXV.
883 3961 910 4009 2.
934 3955 995 4022 illie]
1025 3972 1063 4007 so.
1085 3955 1117 4005 de
1134 3955 1232 4020 quibus
1249 3955 1304 4004 iam

164 4025 198 4102 ⁸8.
223 4021 272 4088 uia]
299 4021 490 4089 Intelliguntur
508 4041 596 4084 arram
618 4041 645 4076 v.
665 4025 701 4075 ad
743 4051 824 4101 „upra
841 4037 985 4101 (0,15‚2,)
1002 4033 1173 4093 dictamum
1192 4032 1228 4082 ef.
1243 4033 1303 4086 Cat,

145 4101 201 4166 Iug-
221 4100 246 4163 3,
267 4100 291 4151 l·
744 4117 786 4176 57,
806 4117 832 4165 2.
851 4114 894 4176 31,
913 4116 938 4166 4.
956 4113 999 4176 58,
1019 4112 1205 4177 10.1ug.27,
1225 4113 1249 4164 1.

173 4193 199 4243 9.
219 4194 284 4244 Nam
302 4208 347 4259 epo
365 4192 462 4257 quidem
481 4190 545 4255 ata]
571 4192 702 4245 Referun.
777 4190 840 4256 tale]
874 4206 912 4242 so.
935 4189 1015 4256 quale
1039 4191 1067 4239 in
1090 4205 1120 4240 ro
1142 4193 1199 4240 tam
1219 4191 1306 4241 atroci

144 4273 184 4331 tur
200 4269 269 4322 haeo
282 4269 317 4320 ad
330 4268 508 4335 supplendam
523 4271 700 4322 sententiam:
743 4285 793 4336 par
812 4274 870 4321 erat
888 4269 999 4332 fia1·i,.i.
1018 4285 1042 4321 e.
1061 4285 1144 4336 grave
1165 4276 1192 4321 et
1210 4272 1307 4338 Iugur·

144 4346 225 4400 nolite
235 4353 343 4413 putare,
353 4363 397 4399 nne
414 4363 470 4398 rem
482 4347 572 4398 verbis
587 4349 701 4414 augaral
744 4349 809 4400 thae
828 4349 996 4401 damnosum.
1066 4383 1070 4392 ·

742 3573 806 3636 Xll,
823 3574 865 3635 14,
881 3573 906 3625 5.
930 3574 1053 3624 Gotarzes
1063 3573 1239 3623 Meherdatem
1256 3587 1302 3619 ou-

741 3653 812 3703 riltua
839 3652 930 3701 decinis
958 3653 1041 3701 viuere
1056 3652 1140 3702 “iubet
1162 3650 1306 3715 ,ostentat

741 3496 800 3546 lero
827 3496 1025 3559 committerem
1055 3496 1092 3548 ef.
1118 3495 1208 3545 Tacit.
1233 3491 1303 3542 Ann.
1402 3545 1407 3552 ‚
