<?xml version="1.0" encoding="UTF-8"?>
<!DOCTYPE html PUBLIC "-//W3C//DTD XHTML 1.0 Transitional//EN"
    "http://www.w3.org/TR/xhtml1/DTD/xhtml1-transitional.dtd">
<html xmlns="http://www.w3.org/1999/xhtml" xml:lang="en" lang="en">
 <head>
  <title>
</title>
<meta http-equiv="Content-Type" content="text/html;charset=utf-8" />
  <meta name='ocr-system' content='tesseract 3.04.00' />
  <meta name='ocr-capabilities' content='ocr_page ocr_carea ocr_par ocr_line ocrx_word'/>
</head>
<body>
  <div class='ocr_page' id='page_1' title='image "./catilinaiugurth01sallgoog_0354.png"; bbox 0 0 2994 4846; ppageno 0'>
   <div class='ocr_carea' id='block_1_1' title="bbox 319 279 1330 342">
    <p class='ocr_par' dir='ltr' id='par_1_1' title="bbox 319 279 1330 342">
     <span class='ocr_line' id='line_1_1' title="bbox 319 279 1330 342; baseline 0.009 -13"><span class='ocrx_word' id='word_1_1' title='bbox 319 281 563 333; x_wconf 80' lang='lat' dir='ltr'>n1snon1tnuu</span> <span class='ocrx_word' id='word_1_2' title='bbox 586 283 813 332; x_wconf 74' lang='lat' dir='ltr'>assemanus.</span> <span class='ocrx_word' id='word_1_3' title='bbox 843 287 912 334; x_wconf 79' lang='lat' dir='ltr'>mn.</span> <span class='ocrx_word' id='word_1_4' title='bbox 936 287 970 334; x_wconf 86' lang='lat' dir='ltr'>v.</span> <span class='ocrx_word' id='word_1_5' title='bbox 997 283 1170 338; x_wconf 82' lang='lat' dir='ltr'>nn.s-1n.</span> <span class='ocrx_word' id='word_1_6' title='bbox 1267 279 1330 342; x_wconf 85' lang='lat'>335</span> 
     </span>
    </p>
   </div>
   <div class='ocr_carea' id='block_1_2' title="bbox 159 435 1331 959">
    <p class='ocr_par' dir='ltr' id='par_1_2' title="bbox 160 435 1331 627">
     <span class='ocr_line' id='line_1_2' title="bbox 248 435 1331 526; baseline 0.008 -29"><span class='ocrx_word' id='word_1_7' title='bbox 248 435 296 497; x_wconf 91' lang='grc'>12.</span> <span class='ocrx_word' id='word_1_8' title='bbox 317 436 356 496; x_wconf 88' lang='lat' dir='ltr'>At</span> <span class='ocrx_word' id='word_1_9' title='bbox 374 435 526 515; x_wconf 87' lang='lat' dir='ltr'>Lucullus,</span> <span class='ocrx_word' id='word_1_10' title='bbox 551 438 647 526; x_wconf 74' lang='lat' dir='ltr'>andito</span> <span class='ocrx_word' id='word_1_11' title='bbox 674 440 710 515; x_wconf 81' lang='lat' dir='ltr'>Q.</span> <span class='ocrx_word' id='word_1_12' title='bbox 739 439 878 501; x_wconf 87' lang='lat' dir='ltr'>Marcium</span> <span class='ocrx_word' id='word_1_13' title='bbox 905 441 1017 520; x_wconf 73' lang='lat' dir='ltr'>Regem</span> <span class='ocrx_word' id='word_1_14' title='bbox 1047 445 1253 523; x_wconf 83' lang='lat' dir='ltr'>proconsulem</span> <span class='ocrx_word' id='word_1_15' title='bbox 1277 465 1331 525; x_wconf 90' lang='lat' dir='ltr'>per</span> 
     </span>
     <span class='ocr_line' id='line_1_3' title="bbox 160 545 1084 627; baseline 0.008 -22"><span class='ocrx_word' id='word_1_16' title='bbox 160 545 335 622; x_wconf 77' lang='lat' dir='ltr'><strong>Lycaoniam</strong></span> <span class='ocrx_word' id='word_1_17' title='bbox 357 565 421 608; x_wconf 88' lang='lat' dir='ltr'>curn</span> <span class='ocrx_word' id='word_1_18' title='bbox 443 547 534 607; x_wconf 91' lang='lat' dir='ltr'>tribus</span> <span class='ocrx_word' id='word_1_19' title='bbox 557 548 724 627; x_wconf 80' lang='lat' dir='ltr'>legionibus</span> <span class='ocrx_word' id='word_1_20' title='bbox 748 551 777 608; x_wconf 94' lang='lat' dir='ltr'>in</span> <span class='ocrx_word' id='word_1_21' title='bbox 801 549 930 612; x_wconf 85' lang='lat' dir='ltr'>Ciliciam</span> <span class='ocrx_word' id='word_1_22' title='bbox 953 553 1084 614; x_wconf 85' lang='lat' dir='ltr'>tendere.</span> 
     </span>
    </p>

    <p class='ocr_par' dir='ltr' id='par_1_3' title="bbox 248 657 1018 732">
     <span class='ocr_line' id='line_1_4' title="bbox 248 657 1018 732; baseline 0.006 -15"><span class='ocrx_word' id='word_1_23' title='bbox 248 658 296 719; x_wconf 89' lang='lat'>13.</span> <span class='ocrx_word' id='word_1_24' title='bbox 319 658 379 718; x_wconf 81' lang='lat' dir='ltr'>Setl</span> <span class='ocrx_word' id='word_1_25' title='bbox 399 657 447 718; x_wconf 93' lang='lat' dir='ltr'>ubi</span> <span class='ocrx_word' id='word_1_26' title='bbox 466 659 516 718; x_wconf 89' lang='lat' dir='ltr'>ille</span> <span class='ocrx_word' id='word_1_27' title='bbox 539 659 657 720; x_wconf 93' lang='lat' dir='ltr'>militum</span> <span class='ocrx_word' id='word_1_28' title='bbox 679 659 855 720; x_wconf 90' lang='lat' dir='ltr'>voluntatem</span> <span class='ocrx_word' id='word_1_29' title='bbox 875 669 1018 732; x_wconf 77' lang='lat' dir='ltr'>causatus.</span> 
     </span>
    </p>

    <p class='ocr_par' dir='ltr' id='par_1_4' title="bbox 159 767 1331 959">
     <span class='ocr_line' id='line_1_5' title="bbox 246 767 1331 851; baseline 0.009 -24"><span class='ocrx_word' id='word_1_30' title='bbox 246 769 295 828; x_wconf 87' lang='lat'>14.</span> <span class='ocrx_word' id='word_1_31' title='bbox 318 767 465 846; x_wconf 81' lang='lat' dir='ltr'>legiones</span> <span class='ocrx_word' id='word_1_32' title='bbox 494 769 669 831; x_wconf 88' lang='lat' dir='ltr'>Valerianae</span> <span class='ocrx_word' id='word_1_33' title='bbox 693 779 845 848; x_wconf 90' lang='lat' dir='ltr'>comperto</span> <span class='ocrx_word' id='word_1_34' title='bbox 876 770 944 848; x_wconf 85' lang='lat' dir='ltr'>lege</span> <span class='ocrx_word' id='word_1_35' title='bbox 973 771 1092 833; x_wconf 86' lang='lat' dir='ltr'>Gabinia</span> <span class='ocrx_word' id='word_1_36' title='bbox 1115 773 1273 851; x_wconf 77' lang='lat' dir='ltr'>Bithyniam</span> <span class='ocrx_word' id='word_1_37' title='bbox 1302 787 1331 838; x_wconf 89' lang='lat' dir='ltr'>et</span> 
     </span>
     <span class='ocr_line' id='line_1_6' title="bbox 159 877 869 959; baseline 0.001 -20"><span class='ocrx_word' id='word_1_38' title='bbox 159 877 281 939; x_wconf 88' lang='lat' dir='ltr'>Pontum</span> <span class='ocrx_word' id='word_1_39' title='bbox 305 878 418 939; x_wconf 90' lang='lat' dir='ltr'>consuli</span> <span class='ocrx_word' id='word_1_40' title='bbox 440 879 552 959; x_wconf 89' lang='lat' dir='ltr'>datum,</span> <span class='ocrx_word' id='word_1_41' title='bbox 575 899 642 940; x_wconf 88' lang='lat' dir='ltr'>sese</span> <span class='ocrx_word' id='word_1_42' title='bbox 663 880 769 940; x_wconf 89' lang='lat' dir='ltr'>missos</span> <span class='ocrx_word' id='word_1_43' title='bbox 792 899 869 940; x_wconf 88' lang='lat' dir='ltr'>esse.</span> 
     </span>
    </p>
   </div>
   <div class='ocr_carea' id='block_1_3' title="bbox 687 1124 807 1176">
    <p class='ocr_par' dir='ltr' id='par_1_5' title="bbox 687 1124 807 1176">
     <span class='ocr_line' id='line_1_7' title="bbox 687 1124 807 1176; baseline -0.008 0"><span class='ocrx_word' id='word_1_44' title='bbox 687 1124 752 1176; x_wconf 74' lang='lat' dir='ltr'>One.</span> <span class='ocrx_word' id='word_1_45' title='bbox 768 1125 807 1176; x_wconf 91' lang='lat' dir='ltr'>II.</span> 
     </span>
    </p>
   </div>
   <div class='ocr_carea' id='block_1_4' title="bbox 159 1245 1330 1410">
    <p class='ocr_par' dir='ltr' id='par_1_6' title="bbox 159 1245 1330 1410">
     <span class='ocr_line' id='line_1_8' title="bbox 159 1245 1330 1324; baseline 0.005 -20"><span class='ocrx_word' id='word_1_46' title='bbox 159 1254 213 1304; x_wconf 86' lang='lat' dir='ltr'>Res</span> <span class='ocrx_word' id='word_1_47' title='bbox 242 1245 372 1306; x_wconf 78' lang='lat' dir='ltr'>urbanae.</span> <span class='ocrx_word' id='word_1_48' title='bbox 408 1256 466 1305; x_wconf 82' lang='lat' dir='ltr'>Lex</span> <span class='ocrx_word' id='word_1_49' title='bbox 488 1252 615 1305; x_wconf 80' lang='lat' dir='ltr'>Gabinia.</span> <span class='ocrx_word' id='word_1_50' title='bbox 639 1281 673 1288; x_wconf 88' lang='lat'><em>-</em></span> <span class='ocrx_word' id='word_1_51' title='bbox 697 1253 820 1319; x_wconf 87' lang='lat' dir='ltr'>Pompeii</span> <span class='ocrx_word' id='word_1_52' title='bbox 850 1255 1052 1307; x_wconf 76' lang='lat' dir='ltr'>dissimulantis</span> <span class='ocrx_word' id='word_1_53' title='bbox 1077 1263 1104 1308; x_wconf 92' lang='lat' dir='ltr'>et</span> <span class='ocrx_word' id='word_1_54' title='bbox 1132 1259 1271 1324; x_wconf 69' lang='lat' dir='ltr'>gloriatin</span> <span class='ocrx_word' id='word_1_55' title='bbox 1296 1289 1330 1300; x_wconf 92' lang='lat'>-</span> 
     </span>
     <span class='ocr_line' id='line_1_9' title="bbox 265 1341 1224 1410; baseline 0.006 -18"><span class='ocrx_word' id='word_1_56' title='bbox 265 1342 397 1394; x_wconf 83' lang='lat' dir='ltr'>Gabinius</span> <span class='ocrx_word' id='word_1_57' title='bbox 413 1341 571 1405; x_wconf 88' lang='lat' dir='ltr'>Pompeium</span> <span class='ocrx_word' id='word_1_58' title='bbox 589 1341 770 1394; x_wconf 85' lang='lat' dir='ltr'>commendat.</span> <span class='ocrx_word' id='word_1_59' title='bbox 788 1370 821 1380; x_wconf 89' lang='lat'><em>-</em></span> <span class='ocrx_word' id='word_1_60' title='bbox 840 1341 953 1395; x_wconf 77' lang='lat' dir='ltr'>Catulus</span> <span class='ocrx_word' id='word_1_61' title='bbox 970 1345 1057 1410; x_wconf 85' lang='lat' dir='ltr'>legem</span> <span class='ocrx_word' id='word_1_62' title='bbox 1075 1344 1224 1398; x_wconf 81' lang='lat' dir='ltr'>dissuadet.</span> 
     </span>
    </p>
   </div>
   <div class='ocr_carea' id='block_1_5' title="bbox 160 1549 1330 1967">
    <p class='ocr_par' dir='ltr' id='par_1_7' title="bbox 249 1549 677 1635">
     <span class='ocr_line' id='line_1_10' title="bbox 249 1549 677 1635; baseline 0.002 -25"><span class='ocrx_word' id='word_1_63' title='bbox 249 1552 297 1612; x_wconf 89' lang='lat'>15.</span> <span class='ocrx_word' id='word_1_64' title='bbox 322 1549 570 1635; x_wconf 72' lang='lat' dir='ltr'>cupientissumus</span> <span class='ocrx_word' id='word_1_65' title='bbox 590 1553 677 1631; x_wconf 80' lang='lat' dir='ltr'>legis.</span> 
     </span>
    </p>

    <p class='ocr_par' dir='ltr' id='par_1_8' title="bbox 160 1661 1330 1855">
     <span class='ocr_line' id='line_1_11' title="bbox 247 1661 1330 1741; baseline 0.007 -17"><span class='ocrx_word' id='word_1_66' title='bbox 247 1665 296 1725; x_wconf 89' lang='lat'>16.</span> <span class='ocrx_word' id='word_1_67' title='bbox 321 1666 432 1741; x_wconf 86' lang='lat' dir='ltr'>Quibus</span> <span class='ocrx_word' id='word_1_68' title='bbox 461 1666 497 1726; x_wconf 90' lang='lat' dir='ltr'>de</span> <span class='ocrx_word' id='word_1_69' title='bbox 521 1665 632 1726; x_wconf 85' lang='lat' dir='ltr'>caussis</span> <span class='ocrx_word' id='word_1_70' title='bbox 662 1661 771 1722; x_wconf 88' lang='lat' dir='ltr'>Sullam</span> <span class='ocrx_word' id='word_1_71' title='bbox 799 1662 971 1725; x_wconf 89' lang='lat' dir='ltr'>dictatorem</span> <span class='ocrx_word' id='word_1_72' title='bbox 993 1668 1040 1726; x_wconf 91' lang='lat' dir='ltr'>uni</span> <span class='ocrx_word' id='word_1_73' title='bbox 1072 1667 1126 1727; x_wconf 90' lang='lat' dir='ltr'>sibi</span> <span class='ocrx_word' id='word_1_74' title='bbox 1148 1669 1330 1732; x_wconf 86' lang='lat' dir='ltr'>descendere</span> 
     </span>
     <span class='ocr_line' id='line_1_12' title="bbox 160 1773 938 1855; baseline 0.004 -23"><span class='ocrx_word' id='word_1_75' title='bbox 160 1791 252 1852; x_wconf 86' lang='lat' dir='ltr'>equo,</span> <span class='ocrx_word' id='word_1_76' title='bbox 277 1793 434 1854; x_wconf 83' lang='lat' dir='ltr'>assurgere</span> <span class='ocrx_word' id='word_1_77' title='bbox 456 1775 545 1853; x_wconf 87' lang='lat' dir='ltr'>sella,</span> <span class='ocrx_word' id='word_1_78' title='bbox 568 1783 654 1855; x_wconf 88' lang='lat' dir='ltr'>caput</span> <span class='ocrx_word' id='word_1_79' title='bbox 676 1773 793 1851; x_wconf 90' lang='lat' dir='ltr'>aperire</span> <span class='ocrx_word' id='word_1_80' title='bbox 812 1775 938 1835; x_wconf 89' lang='lat' dir='ltr'>solitum.</span> 
     </span>
    </p>

    <p class='ocr_par' dir='ltr' id='par_1_9' title="bbox 246 1884 1119 1967">
     <span class='ocr_line' id='line_1_13' title="bbox 246 1884 1119 1967; baseline 0.001 -20"><span class='ocrx_word' id='word_1_81' title='bbox 246 1887 296 1946; x_wconf 86' lang='lat'>17.</span> <span class='ocrx_word' id='word_1_82' title='bbox 320 1887 416 1967; x_wconf 84' lang='lat' dir='ltr'>Saepe</span> <span class='ocrx_word' id='word_1_83' title='bbox 439 1886 638 1947; x_wconf 81' lang='lat' dir='ltr'>celebritatem</span> <span class='ocrx_word' id='word_1_84' title='bbox 658 1885 780 1943; x_wconf 87' lang='lat' dir='ltr'>nominis</span> <span class='ocrx_word' id='word_1_85' title='bbox 803 1884 943 1962; x_wconf 85' lang='lat' dir='ltr'>intellego</span> <span class='ocrx_word' id='word_1_86' title='bbox 964 1888 1119 1948; x_wconf 89' lang='lat' dir='ltr'>timentem.</span> 
     </span>
    </p>
   </div>
   <div class='ocr_carea' id='block_1_6' title="bbox 159 2039 1328 2296">
    <p class='ocr_par' dir='ltr' id='par_1_10' title="bbox 159 2039 1328 2296">
     <span class='ocr_line' id='line_1_14' title="bbox 161 2039 1328 2139; baseline 0.006 -18"><span class='ocrx_word' id='word_1_87' title='bbox 161 2101 196 2110; x_wconf 86' lang='lat'>--</span> <span class='ocrx_word' id='word_1_88' title='bbox 218 2072 266 2124; x_wconf 88' lang='lat' dir='ltr'>Ille</span> <span class='ocrx_word' id='word_1_89' title='bbox 289 2079 331 2126; x_wconf 90' lang='lat' dir='ltr'>est</span> <span class='ocrx_word' id='word_1_90' title='bbox 356 2077 385 2138; x_wconf 88' lang='lat' dir='ltr'>Q.</span> <span class='ocrx_word' id='word_1_91' title='bbox 413 2039 531 2126; x_wconf 67' lang='lat' dir='ltr'>Marcius</span> <span class='ocrx_word' id='word_1_92' title='bbox 553 2074 625 2134; x_wconf 79' lang='lat' dir='ltr'>Rex,</span> <span class='ocrx_word' id='word_1_93' title='bbox 650 2087 721 2123; x_wconf 75' lang='lat' dir='ltr'>vano</span> <span class='ocrx_word' id='word_1_94' title='bbox 766 2072 940 2123; x_wconf 84' lang='lat' dir='ltr'>exoratione</span> <span class='ocrx_word' id='word_1_95' title='bbox 962 2073 1086 2139; x_wconf 89' lang='lat' dir='ltr'>Pompeii</span> <span class='ocrx_word' id='word_1_96' title='bbox 1109 2074 1255 2126; x_wconf 80' lang='lat' dir='ltr'>simulatae</span> <span class='ocrx_word' id='word_1_97' title='bbox 1273 2093 1328 2128; x_wconf 89' lang='lat' dir='ltr'>mo·</span> 
     </span>
     <span class='ocr_line' id='line_1_15' title="bbox 159 2150 1328 2220; baseline 0.005 -21"><span class='ocrx_word' id='word_1_98' title='bbox 159 2157 303 2214; x_wconf 84' lang='lat' dir='ltr'>praetextu</span> <span class='ocrx_word' id='word_1_99' title='bbox 321 2155 469 2205; x_wconf 84' lang='lat' dir='ltr'>militasse</span> <span class='ocrx_word' id='word_1_100' title='bbox 488 2153 567 2219; x_wconf 88' lang='lat' dir='ltr'>sequi</span> <span class='ocrx_word' id='word_1_101' title='bbox 581 2150 653 2202; x_wconf 90' lang='lat' dir='ltr'>nolle</span> <span class='ocrx_word' id='word_1_102' title='bbox 665 2151 721 2201; x_wconf 89' lang='lat' dir='ltr'>Lu·</span> <span class='ocrx_word' id='word_1_103' title='bbox 765 2150 869 2200; x_wconf 82' lang='lat' dir='ltr'>dentiae</span> <span class='ocrx_word' id='word_1_104' title='bbox 888 2154 915 2200; x_wconf 91' lang='lat' dir='ltr'>et</span> <span class='ocrx_word' id='word_1_105' title='bbox 933 2151 1012 2201; x_wconf 89' lang='lat' dir='ltr'>simul</span> <span class='ocrx_word' id='word_1_106' title='bbox 1035 2156 1209 2218; x_wconf 82' lang='lat' dir='ltr'>arrogantiae</span> <span class='ocrx_word' id='word_1_107' title='bbox 1228 2154 1328 2220; x_wconf 89' lang='lat' dir='ltr'>plenis-</span> 
     </span>
     <span class='ocr_line' id='line_1_16' title="bbox 159 2228 1328 2296; baseline 0.003 -18"><span class='ocrx_word' id='word_1_108' title='bbox 159 2228 231 2280; x_wconf 89' lang='lat' dir='ltr'>enllo</span> <span class='ocrx_word' id='word_1_109' title='bbox 254 2233 370 2296; x_wconf 89' lang='lat' dir='ltr'>petitum</span> <span class='ocrx_word' id='word_1_110' title='bbox 394 2231 524 2282; x_wconf 84' lang='lat' dir='ltr'>auxilium</span> <span class='ocrx_word' id='word_1_111' title='bbox 542 2247 659 2296; x_wconf 81' lang='lat' dir='ltr'>negans3</span> <span class='ocrx_word' id='word_1_112' title='bbox 684 2231 719 2281; x_wconf 83' lang='lat' dir='ltr'>cf.</span> <span class='ocrx_word' id='word_1_113' title='bbox 764 2229 849 2291; x_wconf 85' lang='lat' dir='ltr'>sima,</span> <span class='ocrx_word' id='word_1_114' title='bbox 869 2243 922 2293; x_wconf 89' lang='lat' dir='ltr'>qua</span> <span class='ocrx_word' id='word_1_115' title='bbox 938 2229 1145 2294; x_wconf 87' lang='lat' dir='ltr'>imperinmsibi</span> <span class='ocrx_word' id='word_1_116' title='bbox 1161 2231 1328 2284; x_wconf 88' lang='lat' dir='ltr'>destinatum</span> 
     </span>
    </p>
   </div>
   <div class='ocr_carea' id='block_1_7' title="bbox 158 2307 1329 2474">
    <p class='ocr_par' dir='ltr' id='par_1_11' title="bbox 158 2307 1329 2474">
     <span class='ocr_line' id='line_1_17' title="bbox 158 2307 1326 2377; baseline 0.007 -19"><span class='ocrx_word' id='word_1_117' title='bbox 158 2309 212 2359; x_wconf 92' lang='lat' dir='ltr'>Dio</span> <span class='ocrx_word' id='word_1_118' title='bbox 232 2309 309 2361; x_wconf 84' lang='lat' dir='ltr'>Cass.</span> <span class='ocrx_word' id='word_1_119' title='bbox 327 2312 445 2375; x_wconf 87' lang='lat' dir='ltr'>XXXV,</span> <span class='ocrx_word' id='word_1_120' title='bbox 461 2312 503 2362; x_wconf 83' lang='lat'>17.</span> <span class='ocrx_word' id='word_1_121' title='bbox 571 2353 573 2356; x_wconf 96' lang='lat'>.</span> <span class='ocrx_word' id='word_1_122' title='bbox 762 2307 912 2368; x_wconf 85' lang='lat' dir='ltr'>recusavit;</span> <span class='ocrx_word' id='word_1_123' title='bbox 932 2307 968 2358; x_wconf 87' lang='lat' dir='ltr'>cf.</span> <span class='ocrx_word' id='word_1_124' title='bbox 987 2309 1041 2359; x_wconf 92' lang='lat' dir='ltr'>Dio</span> <span class='ocrx_word' id='word_1_125' title='bbox 1061 2310 1137 2360; x_wconf 79' lang='lat' dir='ltr'>Cass.</span> <span class='ocrx_word' id='word_1_126' title='bbox 1155 2307 1280 2377; x_wconf 86' lang='lat' dir='ltr'>XXXVI,</span> <span class='ocrx_word' id='word_1_127' title='bbox 1300 2315 1326 2366; x_wconf 88' lang='lat'>8.</span> 
     </span>
     <span class='ocr_line' id='line_1_18' title="bbox 191 2393 1329 2474; baseline 0.005 -29"><span class='ocrx_word' id='word_1_128' title='bbox 191 2395 238 2445; x_wconf 83' lang='lat' dir='ltr'>Fr.</span> <span class='ocrx_word' id='word_1_129' title='bbox 260 2393 314 2462; x_wconf 70' lang='lat' dir='ltr'>la]</span> <span class='ocrx_word' id='word_1_130' title='bbox 336 2397 469 2448; x_wconf 87' lang='lat' dir='ltr'>Priscian.</span> <span class='ocrx_word' id='word_1_131' title='bbox 491 2395 602 2459; x_wconf 88' lang='lat' dir='ltr'>XVIII,</span> <span class='ocrx_word' id='word_1_132' title='bbox 621 2397 653 2457; x_wconf 78' lang='lat' dir='ltr'>t,</span> <span class='ocrx_word' id='word_1_133' title='bbox 678 2393 720 2444; x_wconf 82' lang='lat' dir='ltr'>tl.</span> <span class='ocrx_word' id='word_1_134' title='bbox 797 2395 885 2458; x_wconf 81' lang='lat' dir='ltr'>quibus</span> <span class='ocrx_word' id='word_1_135' title='bbox 899 2395 930 2444; x_wconf 79' lang='lat' dir='ltr'>tle</span> <span class='ocrx_word' id='word_1_136' title='bbox 944 2393 1051 2461; x_wconf 81' lang='lat' dir='ltr'>caussis]</span> <span class='ocrx_word' id='word_1_137' title='bbox 1071 2397 1203 2474; x_wconf 80' lang='lat' dir='ltr'>Spectant</span> <span class='ocrx_word' id='word_1_138' title='bbox 1215 2399 1329 2452; x_wconf 81' lang='lat' dir='ltr'>haecatl</span> 
     </span>
    </p>
   </div>
   <div class='ocr_carea' id='block_1_8' title="bbox 157 2471 1416 2542">
    <p class='ocr_par' dir='ltr' id='par_1_12' title="bbox 157 2471 1416 2542">
     <span class='ocr_line' id='line_1_19' title="bbox 157 2471 1416 2542; baseline 0.009 -26"><span class='ocrx_word' id='word_1_139' title='bbox 157 2487 185 2537; x_wconf 81' lang='lat' dir='ltr'>p,</span> <span class='ocrx_word' id='word_1_140' title='bbox 208 2472 267 2524; x_wconf 77' lang='lat'>123,</span> <span class='ocrx_word' id='word_1_141' title='bbox 285 2475 333 2527; x_wconf 54' lang='grc' dir='ltr'>ΚΓ,</span> <span class='ocrx_word' id='word_1_142' title='bbox 763 2471 918 2522; x_wconf 88' lang='lat' dir='ltr'>meritorum</span> <span class='ocrx_word' id='word_1_143' title='bbox 946 2487 1056 2523; x_wconf 87' lang='lat' dir='ltr'>suorum</span> <span class='ocrx_word' id='word_1_144' title='bbox 1083 2474 1112 2523; x_wconf 91' lang='lat' dir='ltr'>in</span> <span class='ocrx_word' id='word_1_145' title='bbox 1131 2476 1328 2542; x_wconf 85' lang='lat' dir='ltr'>rempublicam</span> <span class='ocrx_word' id='word_1_146' title='bbox 1412 2483 1416 2490; x_wconf 92' lang='grc'><strong>’</strong></span> 
     </span>
    </p>
   </div>
   <div class='ocr_carea' id='block_1_9' title="bbox 155 2549 1328 3350">
    <p class='ocr_par' dir='ltr' id='par_1_13' title="bbox 155 2549 1328 3184">
     <span class='ocr_line' id='line_1_20' title="bbox 193 2549 1328 2624; baseline 0.001 -18"><span class='ocrx_word' id='word_1_147' title='bbox 193 2560 248 2622; x_wconf 77' lang='lat' dir='ltr'>Iepe</span> <span class='ocrx_word' id='word_1_148' title='bbox 275 2557 394 2624; x_wconf 80' lang='lat' dir='ltr'>Gabinia]</span> <span class='ocrx_word' id='word_1_149' title='bbox 426 2559 493 2609; x_wconf 84' lang='lat' dir='ltr'>Eius</span> <span class='ocrx_word' id='word_1_150' title='bbox 517 2556 602 2623; x_wconf 83' lang='lat' dir='ltr'>legis,</span> <span class='ocrx_word' id='word_1_151' title='bbox 630 2555 664 2605; x_wconf 87' lang='lat' dir='ltr'>ab</span> <span class='ocrx_word' id='word_1_152' title='bbox 686 2554 720 2606; x_wconf 84' lang='lat' dir='ltr'>A.</span> <span class='ocrx_word' id='word_1_153' title='bbox 762 2549 1059 2617; x_wconf 77' lang='lat' dir='ltr'>commemorationem,</span> <span class='ocrx_word' id='word_1_154' title='bbox 1079 2571 1159 2620; x_wconf 87' lang='lat' dir='ltr'>quam</span> <span class='ocrx_word' id='word_1_155' title='bbox 1182 2557 1328 2622; x_wconf 88' lang='lat' dir='ltr'>Pompeius</span> 
     </span>
     <span class='ocr_line' id='line_1_21' title="bbox 159 2630 1308 2696; baseline 0.001 -12"><span class='ocrx_word' id='word_1_156' title='bbox 159 2633 274 2684; x_wconf 83' lang='lat' dir='ltr'>Gabinio</span> <span class='ocrx_word' id='word_1_157' title='bbox 308 2651 332 2686; x_wconf 88' lang='lat' dir='ltr'>a.</span> <span class='ocrx_word' id='word_1_158' title='bbox 364 2638 407 2688; x_wconf 80' lang='lat'>67.</span> <span class='ocrx_word' id='word_1_159' title='bbox 436 2653 462 2686; x_wconf 89' lang='lat' dir='ltr'>a.</span> <span class='ocrx_word' id='word_1_160' title='bbox 492 2636 553 2686; x_wconf 83' lang='lat' dir='ltr'>Cirr.</span> <span class='ocrx_word' id='word_1_161' title='bbox 581 2650 607 2683; x_wconf 93' lang='lat' dir='ltr'>n.</span> <span class='ocrx_word' id='word_1_162' title='bbox 635 2633 718 2695; x_wconf 88' lang='lat' dir='ltr'>latae,</span> <span class='ocrx_word' id='word_1_163' title='bbox 761 2630 954 2692; x_wconf 67' lang='lat' dir='ltr'>praemiseram</span> <span class='ocrx_word' id='word_1_164' title='bbox 975 2631 1010 2682; x_wconf 89' lang='lat' dir='ltr'>cf.</span> <span class='ocrx_word' id='word_1_165' title='bbox 1024 2632 1098 2681; x_wconf 88' lang='lat' dir='ltr'>Hist.</span> <span class='ocrx_word' id='word_1_166' title='bbox 1114 2634 1160 2685; x_wconf 87' lang='lat' dir='ltr'>Fr.</span> <span class='ocrx_word' id='word_1_167' title='bbox 1174 2633 1227 2696; x_wconf 90' lang='lat'>111,</span> <span class='ocrx_word' id='word_1_168' title='bbox 1243 2635 1266 2696; x_wconf 89' lang='lat' dir='ltr'>l,</span> <span class='ocrx_word' id='word_1_169' title='bbox 1283 2636 1308 2686; x_wconf 88' lang='lat' dir='ltr'>l.</span> 
     </span>
     <span class='ocr_line' id='line_1_22' title="bbox 157 2710 1327 2782; baseline 0.009 -22"><span class='ocrx_word' id='word_1_170' title='bbox 157 2727 320 2777; x_wconf 86' lang='lat' dir='ltr'>quamquam</span> <span class='ocrx_word' id='word_1_171' title='bbox 346 2729 449 2763; x_wconf 85' lang='lat' dir='ltr'>summa</span> <span class='ocrx_word' id='word_1_172' title='bbox 467 2716 525 2762; x_wconf 90' lang='lat' dir='ltr'>erat</span> <span class='ocrx_word' id='word_1_173' title='bbox 544 2712 576 2762; x_wconf 88' lang='lat' dir='ltr'>de</span> <span class='ocrx_word' id='word_1_174' title='bbox 599 2726 652 2761; x_wconf 88' lang='lat' dir='ltr'>uno</span> <span class='ocrx_word' id='word_1_175' title='bbox 672 2710 720 2758; x_wconf 89' lang='lat' dir='ltr'>im·</span> <span class='ocrx_word' id='word_1_176' title='bbox 796 2720 839 2766; x_wconf 80' lang='lat' dir='ltr'>neni</span> <span class='ocrx_word' id='word_1_177' title='bbox 860 2715 917 2782; x_wconf 76' lang='lat' dir='ltr'>etot]</span> <span class='ocrx_word' id='word_1_178' title='bbox 948 2718 980 2767; x_wconf 92' lang='lat' dir='ltr'>In</span> <span class='ocrx_word' id='word_1_179' title='bbox 1010 2718 1104 2768; x_wconf 86' lang='lat' dir='ltr'>dativo</span> <span class='ocrx_word' id='word_1_180' title='bbox 1127 2718 1199 2767; x_wconf 91' lang='lat' dir='ltr'>inest</span> <span class='ocrx_word' id='word_1_181' title='bbox 1225 2719 1327 2770; x_wconf 79' lang='lat' dir='ltr'>bonoria</span> 
     </span>
     <span class='ocr_line' id='line_1_23' title="bbox 158 2788 1177 2855; baseline 0.007 -18"><span class='ocrx_word' id='word_1_182' title='bbox 158 2794 284 2853; x_wconf 87' lang='lat' dir='ltr'>peratore</span> <span class='ocrx_word' id='word_1_183' title='bbox 313 2794 409 2839; x_wconf 87' lang='lat' dir='ltr'>contra</span> <span class='ocrx_word' id='word_1_184' title='bbox 436 2788 586 2855; x_wconf 77' lang='lat' dir='ltr'>praedones</span> <span class='ocrx_word' id='word_1_185' title='bbox 619 2789 720 2838; x_wconf 88' lang='lat' dir='ltr'>consti·</span> <span class='ocrx_word' id='word_1_186' title='bbox 760 2790 870 2841; x_wconf 72' lang='lat' dir='ltr'>trahendi</span> <span class='ocrx_word' id='word_1_187' title='bbox 888 2793 958 2842; x_wconf 86' lang='lat' dir='ltr'>ratio</span> <span class='ocrx_word' id='word_1_188' title='bbox 978 2798 1005 2842; x_wconf 91' lang='lat' dir='ltr'>et</span> <span class='ocrx_word' id='word_1_189' title='bbox 1023 2794 1177 2844; x_wconf 88' lang='lat' dir='ltr'>eonsilium.</span> 
     </span>
     <span class='ocr_line' id='line_1_24' title="bbox 156 2865 1326 2945; baseline 0.015 -30"><span class='ocrx_word' id='word_1_190' title='bbox 156 2867 268 2930; x_wconf 86' lang='lat' dir='ltr'>tuendo,</span> <span class='ocrx_word' id='word_1_191' title='bbox 284 2871 388 2931; x_wconf 88' lang='lat' dir='ltr'>tamen,</span> <span class='ocrx_word' id='word_1_192' title='bbox 403 2871 533 2933; x_wconf 82' lang='lat' dir='ltr'>quantum</span> <span class='ocrx_word' id='word_1_193' title='bbox 550 2882 583 2916; x_wconf 86' lang='lat' dir='ltr'>ax</span> <span class='ocrx_word' id='word_1_194' title='bbox 597 2865 720 2915; x_wconf 83' lang='lat' dir='ltr'>Sallustii</span> <span class='ocrx_word' id='word_1_195' title='bbox 797 2878 952 2927; x_wconf 68' lang='lat' dir='ltr'>descendere</span> <span class='ocrx_word' id='word_1_196' title='bbox 969 2894 1032 2942; x_wconf 83' lang='lat' dir='ltr'>equo</span> <span class='ocrx_word' id='word_1_197' title='bbox 1052 2878 1116 2945; x_wconf 83' lang='lat' dir='ltr'>etc]</span> <span class='ocrx_word' id='word_1_198' title='bbox 1137 2881 1215 2932; x_wconf 83' lang='lat' dir='ltr'>Haec</span> <span class='ocrx_word' id='word_1_199' title='bbox 1234 2885 1326 2934; x_wconf 87' lang='lat' dir='ltr'>omnia</span> 
     </span>
     <span class='ocr_line' id='line_1_25' title="bbox 155 2943 1326 3020; baseline 0.001 -26"><span class='ocrx_word' id='word_1_200' title='bbox 155 2944 216 2995; x_wconf 89' lang='lat' dir='ltr'>loco</span> <span class='ocrx_word' id='word_1_201' title='bbox 225 2945 376 3007; x_wconf 90' lang='lat' dir='ltr'>coniicitur,</span> <span class='ocrx_word' id='word_1_202' title='bbox 388 2944 526 3010; x_wconf 87' lang='lat' dir='ltr'>complura</span> <span class='ocrx_word' id='word_1_203' title='bbox 535 2943 720 3009; x_wconf 84' lang='lat' dir='ltr'>capitafuisse</span> <span class='ocrx_word' id='word_1_204' title='bbox 761 2960 870 3020; x_wconf 64' lang='lat' dir='ltr'>recepto</span> <span class='ocrx_word' id='word_1_205' title='bbox 897 2971 949 3005; x_wconf 71' lang='lat' dir='ltr'>usu</span> <span class='ocrx_word' id='word_1_206' title='bbox 972 2956 1147 3020; x_wconf 65' lang='lat' dir='ltr'>pertinebant</span> <span class='ocrx_word' id='word_1_207' title='bbox 1169 2958 1205 3009; x_wconf 60' lang='lat' dir='ltr'>ad</span> <span class='ocrx_word' id='word_1_208' title='bbox 1226 2959 1326 3012; x_wconf 56' lang='lat' dir='ltr'>honori,</span> 
     </span>
     <span class='ocr_line' id='line_1_26' title="bbox 158 3022 1325 3106; baseline 0.015 -32"><span class='ocrx_word' id='word_1_209' title='bbox 158 3025 297 3087; x_wconf 84' lang='lat' dir='ltr'>videntur,</span> <span class='ocrx_word' id='word_1_210' title='bbox 323 3039 394 3089; x_wconf 86' lang='lat' dir='ltr'>quae</span> <span class='ocrx_word' id='word_1_211' title='bbox 419 3024 456 3073; x_wconf 85' lang='lat' dir='ltr'>ad</span> <span class='ocrx_word' id='word_1_212' title='bbox 478 3023 561 3074; x_wconf 89' lang='lat' dir='ltr'>Asiae</span> <span class='ocrx_word' id='word_1_213' title='bbox 583 3038 627 3072; x_wconf 90' lang='lat' dir='ltr'>res</span> <span class='ocrx_word' id='word_1_214' title='bbox 649 3022 720 3071; x_wconf 87' lang='lat' dir='ltr'>ordi·</span> <span class='ocrx_word' id='word_1_215' title='bbox 757 3037 898 3098; x_wconf 50' lang='lat' dir='ltr'>peonnam</span> <span class='ocrx_word' id='word_1_216' title='bbox 915 3035 1039 3086; x_wconf 56' lang='lat' dir='ltr'>enitere.</span> <span class='ocrx_word' id='word_1_217' title='bbox 1056 3037 1178 3103; x_wconf 85' lang='lat' dir='ltr'>adVirg.</span> <span class='ocrx_word' id='word_1_218' title='bbox 1193 3040 1260 3092; x_wconf 79' lang='lat' dir='ltr'>Aen.</span> <span class='ocrx_word' id='word_1_219' title='bbox 1276 3043 1325 3106; x_wconf 92' lang='lat' dir='ltr'>Xl,</span> 
     </span>
     <span class='ocr_line' id='line_1_27' title="bbox 157 3101 1324 3184; baseline 0.014 -30"><span class='ocrx_word' id='word_1_220' title='bbox 157 3101 262 3152; x_wconf 79' lang='lat' dir='ltr'>mandas</span> <span class='ocrx_word' id='word_1_221' title='bbox 278 3102 452 3167; x_wconf 87' lang='lat' dir='ltr'>pertinerent.</span> <span class='ocrx_word' id='word_1_222' title='bbox 760 3113 821 3164; x_wconf 84' lang='lat'>500.</span> <span class='ocrx_word' id='word_1_223' title='bbox 839 3113 943 3163; x_wconf 85' lang='lat' dir='ltr'>Seneca</span> <span class='ocrx_word' id='word_1_224' title='bbox 958 3113 1009 3176; x_wconf 84' lang='lat' dir='ltr'>Ep.</span> <span class='ocrx_word' id='word_1_225' title='bbox 1028 3113 1072 3166; x_wconf 83' lang='grc'>04.</span> <span class='ocrx_word' id='word_1_226' title='bbox 1090 3114 1180 3166; x_wconf 89' lang='lat' dir='ltr'>Valer.</span> <span class='ocrx_word' id='word_1_227' title='bbox 1199 3117 1273 3169; x_wconf 85' lang='lat' dir='ltr'>Max.</span> <span class='ocrx_word' id='word_1_228' title='bbox 1287 3120 1324 3184; x_wconf 86' lang='grc' dir='ltr'>ΙΙ,</span> 
     </span>
    </p>

    <p class='ocr_par' dir='ltr' id='par_1_14' title="bbox 157 3183 1325 3350">
     <span class='ocr_line' id='line_1_28' title="bbox 193 3183 1325 3260; baseline 0.008 -24"><span class='ocrx_word' id='word_1_229' title='bbox 193 3185 298 3252; x_wconf 76' lang='lat' dir='ltr'>consecti]</span> <span class='ocrx_word' id='word_1_230' title='bbox 325 3189 352 3236; x_wconf 87' lang='lat' dir='ltr'>Is</span> <span class='ocrx_word' id='word_1_231' title='bbox 378 3187 431 3237; x_wconf 83' lang='lat' dir='ltr'>init</span> <span class='ocrx_word' id='word_1_232' title='bbox 453 3189 503 3236; x_wconf 84' lang='grc' dir='ltr'>Μ’.</span> <span class='ocrx_word' id='word_1_233' title='bbox 528 3185 633 3236; x_wconf 84' lang='lat' dir='ltr'>Acilius</span> <span class='ocrx_word' id='word_1_234' title='bbox 655 3183 718 3234; x_wconf 83' lang='lat' dir='ltr'>Gla·</span> <span class='ocrx_word' id='word_1_235' title='bbox 761 3195 786 3256; x_wconf 79' lang='lat'>2,</span> <span class='ocrx_word' id='word_1_236' title='bbox 799 3194 825 3242; x_wconf 82' lang='grc'>4,</span> <span class='ocrx_word' id='word_1_237' title='bbox 842 3190 920 3253; x_wconf 92' lang='lat' dir='ltr'>VIII,</span> <span class='ocrx_word' id='word_1_238' title='bbox 934 3191 959 3253; x_wconf 81' lang='lat'>5,</span> <span class='ocrx_word' id='word_1_239' title='bbox 971 3191 997 3242; x_wconf 83' lang='grc'>0.</span> <span class='ocrx_word' id='word_1_240' title='bbox 1016 3191 1069 3241; x_wconf 91' lang='lat' dir='ltr'>Dio</span> <span class='ocrx_word' id='word_1_241' title='bbox 1088 3193 1165 3246; x_wconf 79' lang='lat' dir='ltr'>Cass.</span> <span class='ocrx_word' id='word_1_242' title='bbox 1179 3196 1261 3260; x_wconf 91' lang='lat' dir='ltr'>XLV,</span> <span class='ocrx_word' id='word_1_243' title='bbox 1283 3199 1325 3252; x_wconf 83' lang='lat'>16,</span> 
     </span>
     <span class='ocr_line' id='line_1_29' title="bbox 157 3263 1324 3350; baseline 0.007 -26"><span class='ocrx_word' id='word_1_244' title='bbox 157 3265 231 3325; x_wconf 87' lang='lat' dir='ltr'>brio;</span> <span class='ocrx_word' id='word_1_245' title='bbox 256 3263 293 3313; x_wconf 62' lang='lat' dir='ltr'>Cf·</span> <span class='ocrx_word' id='word_1_246' title='bbox 312 3264 364 3312; x_wconf 62' lang='lat'>1³5⁰</span> <span class='ocrx_word' id='word_1_247' title='bbox 383 3264 461 3315; x_wconf 66' lang='lat'><strong>0⁸⁸⁸·</strong></span> <span class='ocrx_word' id='word_1_248' title='bbox 480 3264 595 3328; x_wconf 65' lang='lat' dir='ltr'>XXXV,</span> <span class='ocrx_word' id='word_1_249' title='bbox 613 3266 639 3314; x_wconf 77' lang='lat'>2·</span> <span class='ocrx_word' id='word_1_250' title='bbox 656 3263 721 3312; x_wconf 71' lang='lat' dir='ltr'>Plu·</span> <span class='ocrx_word' id='word_1_251' title='bbox 796 3273 903 3341; x_wconf 79' lang='lat' dir='ltr'>colitant]</span> <span class='ocrx_word' id='word_1_252' title='bbox 937 3275 972 3326; x_wconf 87' lang='lat' dir='ltr'>ci.</span> <span class='ocrx_word' id='word_1_253' title='bbox 1005 3276 1144 3329; x_wconf 85' lang='lat' dir='ltr'>Plutarch.</span> <span class='ocrx_word' id='word_1_254' title='bbox 1173 3281 1201 3329; x_wconf 92' lang='lat' dir='ltr'>in</span> <span class='ocrx_word' id='word_1_255' title='bbox 1228 3281 1324 3350; x_wconf 86' lang='lat' dir='ltr'>Pomp.</span> 
     </span>
    </p>
   </div>
   <div class='ocr_carea' id='block_1_10' title="bbox 155 3340 1324 3586">
    <p class='ocr_par' dir='ltr' id='par_1_15' title="bbox 155 3340 1324 3586">
     <span class='ocr_line' id='line_1_30' title="bbox 157 3340 1322 3422; baseline 0.017 -34"><span class='ocrx_word' id='word_1_256' title='bbox 157 3342 244 3392; x_wconf 82' lang='lat' dir='ltr'>tareh.</span> <span class='ocrx_word' id='word_1_257' title='bbox 262 3341 291 3391; x_wconf 92' lang='lat' dir='ltr'>in</span> <span class='ocrx_word' id='word_1_258' title='bbox 308 3340 402 3406; x_wconf 88' lang='lat' dir='ltr'>Pomp.</span> <span class='ocrx_word' id='word_1_259' title='bbox 422 3359 445 3393; x_wconf 91' lang='lat' dir='ltr'>c.</span> <span class='ocrx_word' id='word_1_260' title='bbox 465 3343 509 3394; x_wconf 90' lang='grc'>30.</span> <span class='ocrx_word' id='word_1_261' title='bbox 762 3370 786 3403; x_wconf 90' lang='lat' dir='ltr'>c.</span> <span class='ocrx_word' id='word_1_262' title='bbox 807 3355 832 3405; x_wconf 88' lang='lat'>8.</span> <span class='ocrx_word' id='word_1_263' title='bbox 851 3355 880 3402; x_wconf 90' lang='lat' dir='ltr'>in</span> <span class='ocrx_word' id='word_1_264' title='bbox 899 3353 991 3404; x_wconf 79' lang='lat' dir='ltr'>Crass.</span> <span class='ocrx_word' id='word_1_265' title='bbox 1012 3370 1035 3404; x_wconf 93' lang='lat' dir='ltr'>c.</span> <span class='ocrx_word' id='word_1_266' title='bbox 1051 3356 1076 3406; x_wconf 88' lang='lat' dir='ltr'>o.</span> <span class='ocrx_word' id='word_1_267' title='bbox 1089 3352 1219 3422; x_wconf 77' lang='lat' dir='ltr'>&#39;Appiam</span> <span class='ocrx_word' id='word_1_268' title='bbox 1238 3361 1269 3414; x_wconf 91' lang='lat' dir='ltr'>B.</span> <span class='ocrx_word' id='word_1_269' title='bbox 1291 3360 1322 3409; x_wconf 80' lang='lat' dir='ltr'>G.</span> 
     </span>
     <span class='ocr_line' id='line_1_31' title="bbox 192 3426 1214 3498; baseline -0.002 -18"><span class='ocrx_word' id='word_1_270' title='bbox 192 3445 250 3480; x_wconf 82' lang='lat' dir='ltr'>cese</span> <span class='ocrx_word' id='word_1_271' title='bbox 266 3430 354 3478; x_wconf 78' lang='lat' dir='ltr'>missos</span> <span class='ocrx_word' id='word_1_272' title='bbox 371 3427 437 3495; x_wconf 80' lang='lat' dir='ltr'>esse]</span> <span class='ocrx_word' id='word_1_273' title='bbox 459 3429 503 3479; x_wconf 92' lang='lat' dir='ltr'>De</span> <span class='ocrx_word' id='word_1_274' title='bbox 520 3426 649 3476; x_wconf 89' lang='lat' dir='ltr'>missione</span> <span class='ocrx_word' id='word_1_275' title='bbox 666 3426 720 3475; x_wconf 87' lang='lat' dir='ltr'>Va·</span> <span class='ocrx_word' id='word_1_276' title='bbox 763 3433 789 3495; x_wconf 70' lang='grc' dir='ltr'>Ι,</span> <span class='ocrx_word' id='word_1_277' title='bbox 810 3433 853 3484; x_wconf 82' lang='grc'>80,</span> <span class='ocrx_word' id='word_1_278' title='bbox 877 3431 969 3481; x_wconf 71' lang='lat' dir='ltr'>Valeo,</span> <span class='ocrx_word' id='word_1_279' title='bbox 988 3433 1062 3485; x_wconf 81' lang='lat' dir='ltr'>Max,</span> <span class='ocrx_word' id='word_1_280' title='bbox 1081 3435 1119 3497; x_wconf 75' lang='lat' dir='ltr'>V,</span> <span class='ocrx_word' id='word_1_281' title='bbox 1136 3438 1168 3498; x_wconf 77' lang='lat'>2,</span> <span class='ocrx_word' id='word_1_282' title='bbox 1188 3435 1214 3488; x_wconf 85' lang='grc'>9,</span> 
     </span>
     <span class='ocr_line' id='line_1_32' title="bbox 155 3503 1324 3586; baseline 0.004 -30"><span class='ocrx_word' id='word_1_283' title='bbox 155 3505 319 3557; x_wconf 85' lang='lat' dir='ltr'>lerinnorum</span> <span class='ocrx_word' id='word_1_284' title='bbox 338 3507 374 3559; x_wconf 86' lang='lat' dir='ltr'>cf.</span> <span class='ocrx_word' id='word_1_285' title='bbox 387 3508 441 3558; x_wconf 90' lang='lat' dir='ltr'>Dio</span> <span class='ocrx_word' id='word_1_286' title='bbox 456 3507 533 3558; x_wconf 84' lang='lat' dir='ltr'>Cass.</span> <span class='ocrx_word' id='word_1_287' title='bbox 546 3503 656 3566; x_wconf 90' lang='lat' dir='ltr'>XXXV,</span> <span class='ocrx_word' id='word_1_288' title='bbox 677 3503 717 3552; x_wconf 82' lang='lat'>15.</span> <span class='ocrx_word' id='word_1_289' title='bbox 795 3519 841 3567; x_wconf 63' lang='lat' dir='ltr'>Fr,</span> <span class='ocrx_word' id='word_1_290' title='bbox 861 3516 914 3582; x_wconf 72' lang='grc' dir='ltr'>η]</span> <span class='ocrx_word' id='word_1_291' title='bbox 934 3519 1068 3570; x_wconf 63' lang='lat' dir='ltr'>Priscian,</span> <span class='ocrx_word' id='word_1_292' title='bbox 1088 3522 1195 3586; x_wconf 61' lang='lat' dir='ltr'>xpm,</span> <span class='ocrx_word' id='word_1_293' title='bbox 1219 3524 1250 3582; x_wconf 67' lang='grc' dir='ltr'>4ἱ</span> <span class='ocrx_word' id='word_1_294' title='bbox 1279 3526 1324 3575; x_wconf 68' lang='lat'>42,</span> 
     </span>
    </p>
   </div>
   <div class='ocr_carea' id='block_1_11' title="bbox 154 3597 1325 4053">
    <p class='ocr_par' dir='ltr' id='par_1_16' title="bbox 154 3597 1325 4053">
     <span class='ocr_line' id='line_1_33' title="bbox 191 3597 1325 3670; baseline -0.001 -18"><span class='ocrx_word' id='word_1_295' title='bbox 191 3605 238 3654; x_wconf 87' lang='lat' dir='ltr'>Fr.</span> <span class='ocrx_word' id='word_1_296' title='bbox 274 3602 327 3670; x_wconf 84' lang='lat'>15.]</span> <span class='ocrx_word' id='word_1_297' title='bbox 365 3602 511 3653; x_wconf 85' lang='lat' dir='ltr'>Diomedes</span> <span class='ocrx_word' id='word_1_298' title='bbox 541 3601 564 3650; x_wconf 96' lang='lat' dir='ltr'>I.</span> <span class='ocrx_word' id='word_1_299' title='bbox 600 3616 627 3664; x_wconf 92' lang='lat' dir='ltr'>p.</span> <span class='ocrx_word' id='word_1_300' title='bbox 657 3597 719 3648; x_wconf 83' lang='lat'>291.</span> <span class='ocrx_word' id='word_1_301' title='bbox 761 3615 787 3662; x_wconf 90' lang='lat' dir='ltr'>p.</span> <span class='ocrx_word' id='word_1_302' title='bbox 808 3598 867 3649; x_wconf 90' lang='grc'><strong>123.</strong></span> <span class='ocrx_word' id='word_1_303' title='bbox 892 3597 939 3646; x_wconf 87' lang='lat' dir='ltr'>Kr.</span> <span class='ocrx_word' id='word_1_304' title='bbox 971 3599 1009 3647; x_wconf 89' lang='lat' dir='ltr'>Et</span> <span class='ocrx_word' id='word_1_305' title='bbox 1030 3599 1111 3650; x_wconf 89' lang='lat' dir='ltr'>huius</span> <span class='ocrx_word' id='word_1_306' title='bbox 1134 3606 1161 3650; x_wconf 90' lang='lat' dir='ltr'>et</span> <span class='ocrx_word' id='word_1_307' title='bbox 1184 3604 1325 3666; x_wconf 89' lang='lat' dir='ltr'>sequentis</span> 
     </span>
     <span class='ocr_line' id='line_1_34' title="bbox 156 3675 1325 3744; baseline -0.001 -14"><span class='ocrx_word' id='word_1_308' title='bbox 156 3681 271 3733; x_wconf 89' lang='lat' dir='ltr'>Pntscb.</span> <span class='ocrx_word' id='word_1_309' title='bbox 293 3710 326 3718; x_wconf 88' lang='lat'><strong>—</strong></span> <span class='ocrx_word' id='word_1_310' title='bbox 350 3681 441 3734; x_wconf 91' lang='lat' dir='ltr'>Verba</span> <span class='ocrx_word' id='word_1_311' title='bbox 458 3677 637 3744; x_wconf 85' lang='lat' dir='ltr'>intelligenda</span> <span class='ocrx_word' id='word_1_312' title='bbox 657 3681 722 3726; x_wconf 89' lang='lat' dir='ltr'>sunt</span> <span class='ocrx_word' id='word_1_313' title='bbox 759 3675 920 3744; x_wconf 84' lang='lat' dir='ltr'>Fragmenti</span> <span class='ocrx_word' id='word_1_314' title='bbox 938 3675 1021 3725; x_wconf 86' lang='lat' dir='ltr'>verba</span> <span class='ocrx_word' id='word_1_315' title='bbox 1037 3676 1178 3742; x_wconf 87' lang='lat' dir='ltr'>desumpta</span> <span class='ocrx_word' id='word_1_316' title='bbox 1196 3679 1325 3729; x_wconf 87' lang='lat' dir='ltr'>videntur</span> 
     </span>
     <span class='ocr_line' id='line_1_35' title="bbox 157 3753 1323 3824; baseline 0 -18"><span class='ocrx_word' id='word_1_317' title='bbox 157 3755 190 3808; x_wconf 91' lang='lat' dir='ltr'>de</span> <span class='ocrx_word' id='word_1_318' title='bbox 217 3759 362 3823; x_wconf 90' lang='lat' dir='ltr'>Pompeio,</span> <span class='ocrx_word' id='word_1_319' title='bbox 386 3759 445 3824; x_wconf 91' lang='lat' dir='ltr'>qui,</span> <span class='ocrx_word' id='word_1_320' title='bbox 471 3755 594 3822; x_wconf 88' lang='lat' dir='ltr'>quamvis</span> <span class='ocrx_word' id='word_1_321' title='bbox 618 3757 720 3816; x_wconf 82' lang='lat' dir='ltr'>cupien·</span> <span class='ocrx_word' id='word_1_322' title='bbox 761 3771 793 3804; x_wconf 87' lang='lat' dir='ltr'>ex</span> <span class='ocrx_word' id='word_1_323' title='bbox 812 3753 922 3806; x_wconf 88' lang='lat' dir='ltr'>Gabinii</span> <span class='ocrx_word' id='word_1_324' title='bbox 939 3753 1075 3815; x_wconf 91' lang='lat' dir='ltr'>oratione,</span> <span class='ocrx_word' id='word_1_325' title='bbox 1094 3769 1148 3818; x_wconf 90' lang='lat' dir='ltr'>qua</span> <span class='ocrx_word' id='word_1_326' title='bbox 1165 3755 1323 3819; x_wconf 89' lang='lat' dir='ltr'>Pompeium</span> 
     </span>
     <span class='ocr_line' id='line_1_36' title="bbox 154 3829 1323 3900; baseline -0.002 -15"><span class='ocrx_word' id='word_1_327' title='bbox 154 3839 262 3887; x_wconf 82' lang='lat' dir='ltr'>tissimus</span> <span class='ocrx_word' id='word_1_328' title='bbox 289 3840 361 3886; x_wconf 86' lang='lat' dir='ltr'>esset</span> <span class='ocrx_word' id='word_1_329' title='bbox 388 3838 451 3900; x_wconf 70' lang='lat' dir='ltr'>lepis</span> <span class='ocrx_word' id='word_1_330' title='bbox 476 3835 649 3895; x_wconf 77' lang='lat' dir='ltr'>Gabiniac,</span> <span class='ocrx_word' id='word_1_331' title='bbox 679 3837 719 3882; x_wconf 85' lang='lat' dir='ltr'>ta·</span> <span class='ocrx_word' id='word_1_332' title='bbox 759 3830 859 3896; x_wconf 88' lang='lat' dir='ltr'>populo</span> <span class='ocrx_word' id='word_1_333' title='bbox 879 3829 1069 3880; x_wconf 83' lang='lat' dir='ltr'>commendans</span> <span class='ocrx_word' id='word_1_334' title='bbox 1089 3830 1117 3879; x_wconf 95' lang='lat' dir='ltr'>in</span> <span class='ocrx_word' id='word_1_335' title='bbox 1136 3837 1261 3881; x_wconf 84' lang='lat' dir='ltr'>senatum</span> <span class='ocrx_word' id='word_1_336' title='bbox 1282 3837 1323 3883; x_wconf 87' lang='lat' dir='ltr'>at-</span> 
     </span>
     <span class='ocr_line' id='line_1_37' title="bbox 156 3908 1324 3977; baseline -0.002 -15"><span class='ocrx_word' id='word_1_337' title='bbox 156 3928 217 3962; x_wconf 91' lang='lat' dir='ltr'>men</span> <span class='ocrx_word' id='word_1_338' title='bbox 237 3928 295 3962; x_wconf 84' lang='lat' dir='ltr'>eam</span> <span class='ocrx_word' id='word_1_339' title='bbox 312 3912 467 3977; x_wconf 86' lang='lat' dir='ltr'>cupidinem</span> <span class='ocrx_word' id='word_1_340' title='bbox 481 3909 652 3960; x_wconf 83' lang='lat' dir='ltr'>dissimulare</span> <span class='ocrx_word' id='word_1_341' title='bbox 664 3914 720 3960; x_wconf 90' lang='lat' dir='ltr'>stu·</span> <span class='ocrx_word' id='word_1_342' title='bbox 760 3925 812 3975; x_wconf 89' lang='lat' dir='ltr'>qne</span> <span class='ocrx_word' id='word_1_343' title='bbox 831 3908 991 3973; x_wconf 85' lang='lat' dir='ltr'>optimates,</span> <span class='ocrx_word' id='word_1_344' title='bbox 1008 3908 1145 3972; x_wconf 80' lang='lat' dir='ltr'>rogationi</span> <span class='ocrx_word' id='word_1_345' title='bbox 1162 3924 1228 3959; x_wconf 89' lang='lat' dir='ltr'>suae</span> <span class='ocrx_word' id='word_1_346' title='bbox 1242 3915 1324 3975; x_wconf 86' lang='lat' dir='ltr'>atque</span> 
     </span>
     <span class='ocr_line' id='line_1_38' title="bbox 158 3983 1325 4053; baseline -0.001 -14"><span class='ocrx_word' id='word_1_347' title='bbox 158 3991 230 4051; x_wconf 87' lang='lat' dir='ltr'>dnit;</span> <span class='ocrx_word' id='word_1_348' title='bbox 252 3990 287 4041; x_wconf 83' lang='lat' dir='ltr'>cl.</span> <span class='ocrx_word' id='word_1_349' title='bbox 304 3988 358 4038; x_wconf 90' lang='lat' dir='ltr'>Dio</span> <span class='ocrx_word' id='word_1_350' title='bbox 375 3988 452 4037; x_wconf 83' lang='lat' dir='ltr'>Cass.</span> <span class='ocrx_word' id='word_1_351' title='bbox 472 3988 602 4050; x_wconf 88' lang='lat' dir='ltr'>XXXVI,</span> <span class='ocrx_word' id='word_1_352' title='bbox 621 3991 647 4038; x_wconf 84' lang='lat'>7.</span> <span class='ocrx_word' id='word_1_353' title='bbox 759 3986 892 4053; x_wconf 86' lang='lat' dir='ltr'>Pompeio</span> <span class='ocrx_word' id='word_1_354' title='bbox 901 3983 982 4036; x_wconf 84' lang='lat' dir='ltr'>valde</span> <span class='ocrx_word' id='word_1_355' title='bbox 994 3984 1163 4050; x_wconf 91' lang='lat' dir='ltr'>obnitentes,</span> <span class='ocrx_word' id='word_1_356' title='bbox 1182 3987 1325 4038; x_wconf 88' lang='lat' dir='ltr'>vehemen-</span> 
     </span>
    </p>
   </div>
   <div class='ocr_carea' id='block_1_12' title="bbox 154 4066 1323 4373">
    <p class='ocr_par' dir='ltr' id='par_1_17' title="bbox 154 4066 1323 4373">
     <span class='ocr_line' id='line_1_39' title="bbox 191 4066 1014 4141; baseline -0.013 -16"><span class='ocrx_word' id='word_1_357' title='bbox 191 4077 236 4126; x_wconf 87' lang='lat' dir='ltr'>Fr.</span> <span class='ocrx_word' id='word_1_358' title='bbox 258 4074 311 4141; x_wconf 78' lang='lat'>16.]</span> <span class='ocrx_word' id='word_1_359' title='bbox 331 4076 402 4126; x_wconf 86' lang='lat' dir='ltr'>Non.</span> <span class='ocrx_word' id='word_1_360' title='bbox 422 4074 478 4136; x_wconf 90' lang='lat' dir='ltr'>IV,</span> <span class='ocrx_word' id='word_1_361' title='bbox 497 4074 523 4124; x_wconf 83' lang='lat'>5.</span> <span class='ocrx_word' id='word_1_362' title='bbox 541 4089 568 4137; x_wconf 85' lang='lat' dir='ltr'>p.</span> <span class='ocrx_word' id='word_1_363' title='bbox 588 4074 653 4135; x_wconf 84' lang='lat'>236,</span> <span class='ocrx_word' id='word_1_364' title='bbox 675 4072 717 4123; x_wconf 86' lang='grc'>18.</span> <span class='ocrx_word' id='word_1_365' title='bbox 761 4072 802 4117; x_wconf 88' lang='lat' dir='ltr'>ter</span> <span class='ocrx_word' id='word_1_366' title='bbox 820 4066 944 4115; x_wconf 85' lang='lat' dir='ltr'>invectus</span> <span class='ocrx_word' id='word_1_367' title='bbox 964 4066 1014 4115; x_wconf 90' lang='lat' dir='ltr'>est.</span> 
     </span>
     <span class='ocr_line' id='line_1_40' title="bbox 154 4136 1307 4215; baseline -0.008 -15"><span class='ocrx_word' id='word_1_368' title='bbox 154 4153 240 4205; x_wconf 84' lang='lat' dir='ltr'>More.</span> <span class='ocrx_word' id='word_1_369' title='bbox 265 4153 317 4215; x_wconf 87' lang='lat' dir='ltr'>IV,</span> <span class='ocrx_word' id='word_1_370' title='bbox 340 4151 401 4203; x_wconf 85' lang='grc'><strong>430.</strong></span> <span class='ocrx_word' id='word_1_371' title='bbox 426 4166 453 4215; x_wconf 89' lang='lat' dir='ltr'>p.</span> <span class='ocrx_word' id='word_1_372' title='bbox 479 4148 545 4214; x_wconf 83' lang='lat'>397,</span> <span class='ocrx_word' id='word_1_373' title='bbox 571 4151 613 4201; x_wconf 83' lang='grc'>14,</span> <span class='ocrx_word' id='word_1_374' title='bbox 640 4151 719 4203; x_wconf 72' lang='lat' dir='ltr'>Serv,</span> <span class='ocrx_word' id='word_1_375' title='bbox 795 4142 965 4192; x_wconf 84' lang='lat' dir='ltr'>celebritatem</span> <span class='ocrx_word' id='word_1_376' title='bbox 982 4136 1095 4204; x_wconf 71' lang='lat' dir='ltr'>nominoio]</span> <span class='ocrx_word' id='word_1_377' title='bbox 1116 4156 1155 4192; x_wconf 88' lang='lat' dir='ltr'>sc.</span> <span class='ocrx_word' id='word_1_378' title='bbox 1174 4141 1307 4206; x_wconf 87' lang='lat' dir='ltr'>Pompeii.</span> 
     </span>
     <span class='ocr_line' id='line_1_41' title="bbox 156 4226 1323 4296; baseline -0.002 -16"><span class='ocrx_word' id='word_1_379' title='bbox 156 4231 191 4280; x_wconf 79' lang='lat' dir='ltr'>ael</span> <span class='ocrx_word' id='word_1_380' title='bbox 223 4232 294 4296; x_wconf 84' lang='lat' dir='ltr'>Virg.</span> <span class='ocrx_word' id='word_1_381' title='bbox 322 4231 392 4281; x_wconf 84' lang='lat' dir='ltr'>Aen.</span> <span class='ocrx_word' id='word_1_382' title='bbox 421 4230 449 4294; x_wconf 91' lang='lat'>1,</span> <span class='ocrx_word' id='word_1_383' title='bbox 479 4229 539 4283; x_wconf 94' lang='lat' dir='ltr'>lli.</span> <span class='ocrx_word' id='word_1_384' title='bbox 571 4231 629 4293; x_wconf 93' lang='lat' dir='ltr'>III,</span> <span class='ocrx_word' id='word_1_385' title='bbox 657 4230 717 4282; x_wconf 87' lang='grc'><strong>200.</strong></span> <span class='ocrx_word' id='word_1_386' title='bbox 795 4226 926 4293; x_wconf 85' lang='lat' dir='ltr'>timentem]</span> <span class='ocrx_word' id='word_1_387' title='bbox 941 4243 981 4280; x_wconf 84' lang='lat' dir='ltr'>sc.</span> <span class='ocrx_word' id='word_1_388' title='bbox 995 4226 1176 4294; x_wconf 90' lang='lat' dir='ltr'>nobilitatem,</span> <span class='ocrx_word' id='word_1_389' title='bbox 1189 4244 1259 4292; x_wconf 90' lang='lat' dir='ltr'>quae</span> <span class='ocrx_word' id='word_1_390' title='bbox 1270 4244 1323 4278; x_wconf 86' lang='lat' dir='ltr'>vox</span> 
     </span>
     <span class='ocr_line' id='line_1_42' title="bbox 156 4307 985 4373; baseline -0.001 -15"><span class='ocrx_word' id='word_1_391' title='bbox 156 4308 282 4360; x_wconf 85' lang='lat' dir='ltr'>Arusian.</span> <span class='ocrx_word' id='word_1_392' title='bbox 306 4325 333 4373; x_wconf 94' lang='lat' dir='ltr'>p.</span> <span class='ocrx_word' id='word_1_393' title='bbox 356 4309 416 4360; x_wconf 84' lang='lat'>214.</span> <span class='ocrx_word' id='word_1_394' title='bbox 435 4308 515 4359; x_wconf 87' lang='lat' dir='ltr'>Lind.</span> <span class='ocrx_word' id='word_1_395' title='bbox 543 4308 632 4360; x_wconf 90' lang='lat' dir='ltr'>Verba</span> <span class='ocrx_word' id='word_1_396' title='bbox 655 4312 719 4358; x_wconf 90' lang='lat' dir='ltr'>sunt</span> <span class='ocrx_word' id='word_1_397' title='bbox 760 4307 913 4358; x_wconf 83' lang='lat' dir='ltr'>subiectum</span> <span class='ocrx_word' id='word_1_398' title='bbox 933 4311 985 4357; x_wconf 86' lang='lat' dir='ltr'>est.</span> 
     </span>
    </p>
   </div>
   <div class='ocr_carea' id='block_1_13' title="bbox 0 0 1502 4846">
    <p class='ocr_par' dir='ltr' id='par_1_18' title="bbox 0 0 1502 4846">
     <span class='ocr_line' id='line_1_43' title="bbox 0 0 1502 4846; baseline 0 2"><span class='ocrx_word' id='word_1_399' title='bbox 0 0 1502 4846; x_wconf 95' lang='lat' dir='ltr'> </span> 
     </span>
    </p>
   </div>
  </div>
 </body>
</html>
