3028 4852
516 211 694 280 mmmm
718 232 748 281 o.
771 233 882 282 xxxn.
905 234 1030 283 xxxam.
1317 226 1353 285 71

190 403 265 464 opes
286 383 422 446 factionis
441 387 627 466 confirment,
651 389 769 449 insidias
789 391 902 450 consuli
924 396 1090 466 maturent,
1103 390 1236 469 caedem,
1258 393 1356 452 incen-

190 497 236 557 dia
257 496 375 576 aliaque
397 497 468 558 belli
488 499 619 558 facinora
640 509 757 579 parent;
783 519 849 560 sese
869 500 1040 602 prQiem
1062 518 1125 560 cunr
1146 519 1253 578 magno
1272 521 1356 563 exer·

159 601 247 672 3citd
269 607 304 669 ad
327 606 427 667 urbem
449 627 644 669 accessurum.
688 609 762 670 Dum
782 611 855 670 haec
872 611 981 671 Romae
1002 617 1158 688 geruntur,
1181 609 1213 670 0.
1232 611 1356 676 Manlius

142 787 143 792 ἵ
188 739 226 780 ex
250 736 303 779 suo
326 737 446 779 numero
468 719 586 798 legatos
609 719 644 780 ad
666 719 802 780 Marcium
821 719 933 794 Regem
953 717 1036 776 mittit
1057 736 1120 779 cum
1142 721 1283 784 mandatis
1303 723 1354 784 hu-

187 829 361 892 iuscemodi:
553 805 560 831 (
1201 833 1204 840 ’

270 939 406 1000 XXXIII.
450 939 532 1000 Deos
550 938 738 1014 hominesque
756 941 910 1012 testamur,
934 935 1108 1015 imperator,
1131 957 1185 1000 nos
1205 961 1283 1004 arma
1302 964 1351 1005 ne·

186 1071 243 1132 que
266 1060 366 1112 contra
390 1051 511 1129 patriam
540 1051 669 1124 cepisse,
699 1061 794 1121 neque
818 1061 876 1123 quo
903 1047 1064 1124 periculum
1091 1048 1154 1109 aliis
1176 1025 1351 1134 faceremus,

145 1223 148 1228 ,
186 1163 239 1223 sed
263 1164 301 1222 uti
326 1177 452 1240 corpora
474 1164 571 1218 nostra
600 1152 635 1212 ab
655 1153 756 1212 iniuria
779 1162 838 1214 tuta
865 1156 977 1235 forent,
1007 1159 1055 1237 qui
1076 1160 1187 1239 miseri,
1217 1175 1350 1245 egentes,

184 1273 322 1335 violentia
344 1282 430 1350 atque
452 1261 622 1325 crudelitate
645 1263 842 1324 feneratorum
865 1266 999 1362 plerique
1023 1271 1151 1349 patriae,
1174 1273 1226 1332 sed
1249 1292 1350 1337 omues

183 1386 260 1444 fama
281 1394 366 1462 atque
391 1373 514 1438 fortunis
541 1382 681 1452 expertes
704 1392 941 1456 sumus;‚ueque
965 1379 1097 1458 cuiqnam
1119 1391 1246 1444 nostrum
1271 1385 1350 1449 licuit
1390 1451 1393 1460 ,

183 1475 264 1554 more
285 1492 422 1550 maiorum
449 1483 519 1561 lege
547 1463 636 1559 ntis
630 1501 725 1562 neque
754 1485 861 1546 amisso
890 1490 1064 1566 patrimonio
1088 1489 1209 1554 liberum
1241 1514 1349 1576 corpus

155 1603 307 1666 enubere>
327 1604 404 1656 tanta
427 1594 547 1654 saevitia
568 1594 765 1653 feneratorum
787 1605 875 1674 atque
898 1601 1044 1676 praetoris
1063 1601 1125 1662 iuit.
1170 1607 1268 1686 Saepe
1290 1626 1348 1668 ma·

180 1713 258 1772 iores
287 1707 393 1783 vostri,
422 1705 542 1765 miseriti
572 1703 668 1784 piebis
695 1706 860 1784 Romanae,
899 1707 1025 1770 decretis
1053 1714 1113 1772 suis
1142 1714 1258 1793 inopiae
1285 1719 1349 1777 eius

178 1816 311 1898 opitulati
333 1824 412 1886 sunt;
441 1834 476 1875 ac
501 1794 668 1875 novissume
689 1817 827 1876 memoria
850 1806 948 1878 nostra
977 1823 1099 1901 propter
1123 1827 1347 1900 magnitudinem

83 1933 86 1937 '
176 1929 252 1989 aeris
274 1925 377 2005 alieni,
406 1924 571 1986 volentibus
591 1925 723 1985 omnibus
745 1925 845 2004 bonis,
874 1939 1025 2005 argentum
1053 1951 1122 1994 aere
1144 1935 1269 1996 solutum
1292 1948 1346 1998 est.

176 2115 475 2180 Oat.25‚2.1ug.tt,
493 2114 518 2165 3.
537 2114 642 2163 Romani
658 2116 741 2179 cipro·
815 2115 959 2183 praetoris]
996 2133 1034 2170 sc.
1062 2119 1168 2184 urbani,
1204 2123 1249 2187 qui
1277 2124 1347 2174 iudi-

174 2211 228 2246 rum
244 2203 269 2245 el
284 2209 407 2244 umorum
425 2197 552 2259 aliquanto
567 2210 679 2253 numero,
697 2194 740 2244 to-
782 2193 831 2243 ciis
854 2201 992 2260 praeerat,
1022 2201 1049 2246 et
1078 2198 1120 2248 ius
1145 2199 1250 2250 civibus
1275 2203 1347 2254 dice-

173 2276 244 2324 etium
260 2275 397 2336 paucorum
410 2274 494 2338 potiti.
572 2315 578 2328 .
781 2273 838 2323 bat.
1042 2272 1044 2280 '

208 2384 263 2447 lepe
283 2354 336 2448 uti]
354 2383 372 2434 i.
392 2397 415 2434 e.
439 2385 518 2448 lepum
538 2379 672 2446 praesidio
695 2381 740 2437 uti,
816 2367 840 2417 ²·
860 2365 949 2433 ²¹⁰⁸il2']
968 2366 1223 2434 Secunuapemon,
1240 2385 1348 2435 posses-

173 2460 246 2524 quod
262 2459 346 2509 variis
363 2460 529 2524 temporibus
554 2461 650 2507 contra
667 2457 739 2506 ieme·
781 2442 834 2492 ΒΜ
849 2447 1015 2508 pronominis
1031 2446 1132 2507 mitur,
1151 2447 1216 2510 quia
1234 2448 1272 2499 M.
1288 2450 1346 2501 Rex

172 2541 292 2588 mmmm
316 2538 428 2588 iniuria,
455 2541 581 2602 papatum
607 2539 674 2586 emt,
704 2535 741 2586 cs,
780 2536 797 2570 a
818 2528 916 2574 senatu
938 2525 1036 2574 missus
1063 2523 1199 2575 nobilitatis
1220 2541 1345 2578 caussam

172 2615 262 2668 Tacit,
282 2615 423 2678 Ann,v1‚
445 2615 485 2666 16,
509 2614 579 2665 sane
596 2622 666 2664 „erup
683 2611 741 2662 urbi
780 2599 957 2662 defendebat,
987 2602 1032 2652 cui
1058 2601 1177 2652 Manlius
1204 2619 1234 2654 se
1263 2610 1346 2671 atqua

53 2700 72 2741 '.
169 2695 276 2759 funebre
290 2695 377 2742 malum
395 2701 420 2743 el
437 2693 582 2742 seditionum
598 2690 739 2740 discordie·
780 2695 844 2729 suos
863 2681 988 2744 opponit;
1009 2681 1043 2731 cf.
1062 2680 1085 2742 ᾖ.
1101 2682 1127 2730 5.

172 2788 273 2838 rubique
293 2771 445 2822 &chettim
466 2785 573 2828 61111880,
601 2785 679 2834 809110
696 2783 739 2818 ⁶⁰·
813 2779 893 2846 bonis]
918 2780 1049 2842 Quaesitae
1066 2781 1245 2846 ambiguitate
1259 2781 1344 2841 botros,

169 2852 302 2904 hibebatur
319 2851 427 2913 antiquis
445 2863 541 2913 quoque
553 2854 577 2897 et
592 2850 670 2898 uulnus
681 2862 738 2896 cor-
779 2859 877 2922 quibu,
899 2858 1008 2922 proprie
1033 2857 1052 2905 ἢ
1070 2858 1272 2922 significantur,
1296 2859 1343 2921 qu,

170 2933 253 2992 Wilii'S
276 2926 393 2976 ”imbui
429 2925 494 2974 Nam
512 2926 592 2986 illim
610 2925 738 2976 duodecim
778 2937 850 2985 veris
875 2931 1041 2997 reipublicae
1063 2935 1215 2984 rationibus
1238 2937 1344 2984 consul-

169 3005 263 3054 tndulls
279 3009 405 3062 sanetum,
424 2999 737 3066 nequisun'cierlosenore
777 3019 836 3064 pum
854 3011 963 3072 mlum,
987 3010 1014 3060 h,
1039 3009 1057 3061 1,
1075 3015 1205 3075 optimate,
1225 3013 1346 3080 intelligi

170 3084 275 3144 amplius
289 3087 436 3140 coerceret,
455 3095 526 3144 qucum
542 3087 618 3129 antea
634 3095 669 3129 ear
683 3079 737 3129 libi·
776 3090 836 3142 vult
852 3087 985 3148 Manlius,
1006 3088 1042 3139 cf.
1062 3089 1121 3140 Cat.
1141 3089 1183 3153 19,
1202 3092 1227 3142 2.

169 3162 227 3211 diue
243 3158 397 3220 locupletium
415 3161 570 3224 cpitaretur;
587 3158 644 3209 dein
661 3172 736 3221 ropa—
812 3191 939 3250 amenum,
959 3177 1027 3232 aere·
1036 3185 1139 3235 ,omum
1154 3185 1202 3251 m]
1220 3189 1344 3252 Respici,

167 3244 233 3291 tione
251 3235 383 3286 tribunicia
406 3237 442 3286 ed
458 3235 597 3285 semuncias
619 3235 736 3295 reductu,
776 3265 894 3316 Manlius
907 3260 1076 3314 amarian„
1088 3269 1224 3330 tempora,
1243 3266 1341 3331 quum

163 3324 292 3382 postremo
306 3315 382 3363 uetita
401 3319 515 3363 uersare.
535 3311 673 3378 Multisque
681 3313 735 3374 ple·
776 3343 866 3394 valer·
887 3339 1018 3401 Flaccus,
1043 3341 1071 3389 in
1089 3342 1170 3391 Marii
1193 3347 1262 3407 sept·
1284 3359 1340 3396 ωε.

167 3395 277 3447 discutis
303 3392 399 3444 obuium
421 3394 480 3442 itum
496 3391 646 3454 fraudibus,
670 3407 735 3457 quoe
775 3421 865 3471 locum
889 3416 1034 3480 suffectu„
1066 3433 1090 3468 a,
1110 3417 1153 3468 36·
1180 3435 1205 3470 ὃ.
1226 3415 1286 3472 (ηπ,
1311 3438 1338 3472 ῃ,

167 3477 254 3525 totiena
272 3487 409 3535 repressae
426 3473 503 3520 mirae
518 3487 567 3534 per
586 3478 656 3521 urlee
674 3487 732 3520 rur·
775 3497 847 3562 (668Ι
862 3512 888 3546 u·
903 3492 941 3558 ο.)
956 3493 1042 3558 legem
1056 3495 1135 3558 puli„
1153 3501 1183 3547 u,
1201 3499 1340 3549 creditori·

166 3569 218 3603 Μ’
237 3551 391 3602 ‘'mmm'‘
773 3575 824 3624 bus
847 3574 978 3639 quadrans
1000 3570 1151 3622 solueretur
1169 3571 1221 3638 (ci.
1241 3576 1339 3626 Vellei.

201 3648 302 3703 liberalia
320 3668 412 3716 eorpus
438 3651 540 3718 ludere]
563 3651 674 3717 Respici
692 3651 732 3701 vi·
763 3653 816 3716 ἸΙ,
839 3653 886 3714 23,
914 3647 965 3714 2.);
993 3653 1077 3714 atque
1095 3649 1147 3700 hoc
1173 3652 1262 3716 ipsum
1287 3657 1340 3716 est,

167 3731 246 3782 detur
263 3731 298 3780 ad
315 3730 403 3796 legem
414 3729 563 3780 Poetelium
582 3729 730 3794 Papiriam,
773 3729 845 3795 quod
870 3730 1013 3792 argentum
1038 3726 1105 3778 dicit
1129 3743 1191 3782 aere
1220 3729 1339 3779 solutum

167 3826 192 3862 a.
214 3810 274 3862 326.
297 3825 323 3860 a.
343 3809 405 3858 Ohr.
429 3805 500 3872 (428.
525 3824 552 3859 u.
571 3809 608 3870 o.)
635 3807 731 3874 latam,
773 3812 841 3859 esse.
877 3804 1026 3855 Sestertius
1043 3805 1127 3868 euim,
1152 3821 1276 3856 nummus
1295 3822 1338 3854 ar-

169 3903 222 3953 qua
239 3873 311 3938 teste
327 3885 408 3937 Livio
422 3886 502 3948 VIII,
521 3885 564 3948 28,
575 3887 601 3937 8.
621 3892 731 3936 cautum
771 3894 890 3951 perteue,
914 3898 995 3948 quum
1014 3881 1081 3942 ¹iudo
1104 3899 1121 3932 a
1144 3882 1215 3933 ballo
1232 3883 1336 3932 Punico

168 3969 227 4016 erat
250 3979 300 4027 „ue
319 3964 386 4027 quis,
411 3963 466 4012 nisi
490 3963 536 4027 qui
558 3978 656 4012 noxam
678 3979 732 4014 me·
773 3960 892 4013 secundo
921 3959 967 4025 (ci.
993 3959 1063 4011 Piiu.
1088 3961 1123 4010 H.
1148 3961 1182 4010 N.
1207 3959 1337 4023 XXXIII,

166 4041 276 4104 ruisset,
291 4039 377 4089 donec
388 4054 502 4104 poenam
512 4037 609 4100 lueret,
627 4043 652 4089 in
668 4055 732 4090 eom·
774 4039 828 4106 13.)
843 4042 981 4088 constaret
996 4041 1125 4102 quattuor
1137 4036 1259 4099 assibus,
1275 4054 1337 4088 aere

165 4119 271 4182 pedibus
289 4124 333 4168 aut
348 4121 374 4167 iu
394 4132 470 4166 neruo
490 4123 629 4176 teneretur,
653 4133 733 4180 pecu·
772 4118 871 4178 fectis,
901 4115 949 4165 ilia
971 4114 1030 4179 lege
1053 4131 1083 4164 as
1107 4113 1272 4164 solvebatur
1287 4131 1336 4180 pro

167 4197 229 4246 niae
262 4194 383 4245 creditae
413 4195 485 4244 bonu
512 4194 656 4258 debitoris,
684 4211 733 4246 nou
772 4195 909 4257 sestertio,
941 4193 961 4243 i.
999 4207 1022 4243 e.
1062 4195 1159 4256 quarta
1189 4208 1252 4258 pars
1286 4210 1335 4260 pro

168 4289 258 4337 eorpus
277 4271 409 4324 odnooeimn
427 4271 526 4323 eesel.“
601 4321 608 4336 ,
772 4276 840 4322 toto.
