3024 4852
501 259 505 274 ·
547 253 723 303 carneuna,
751 255 781 302 c.
806 255 975 328 u111.1.1v.
1288 251 1347 312 103

151 408 332 488 tsciebam,
355 429 568 491 saepenumero
589 429 680 491 parva
701 430 784 472 nranu
811 431 875 472 cunr
895 414 1008 491 magnis
1034 413 1202 492 legionibus
1224 417 1347 478 bostium

181 520 382 598 contendisse,
413 541 612 600 cognoveram
644 523 741 601 parvis
769 524 863 602 copiis
888 523 966 612 bella
992 533 1077 601 gesta
1094 543 1172 605 ‚cum
1202 527 1348 606 opulentis
1422 549 1440 592 n

110 689 115 703 ζ
179 631 314 709 regibus,
350 631 386 692 ad
413 632 471 694 boc
505 652 596 712 saepe
623 635 757 696 fortunae
786 634 953 694 violentiam
986 633 1178 713 toleravisse,
1214 638 1347 700 facundia

150 740 327 820 4Graecos,
350 741 447 820 gloria
469 743 538 804 belli
558 743 659 805 Gallos
685 755 751 805 ante
770 745 919 806 Romanos
939 745 1047 822 luisse.
1092 746 1137 806 Ac
1161 747 1228 807 mibi
1258 751 1345 811 multa

46 860 61 892 ·'
101 897 138 936 ¹„-
179 852 297 929 agitanti
325 851 492 930 constabat,
524 872 683 932 paucorum
706 856 810 915 civium
832 838 985 954 egregiam
1008 856 1142 915 virtutem
1171 867 1274 918 cuncta
1298 879 1346 939 pa·

179 963 317 1040 travisse,
341 981 438 1042 eoque
458 963 582 1042 lactum,
604 966 642 1024 uti
660 965 773 1024 divitias
794 974 965 1044 paupertas,
989 965 1195 1054 multitudinem
1216 965 1346 1060 paupitas

64 1098 81 1122 ν
148 1084 340 1154 asaperaret.
386 1072 445 1132 Sed
473 1084 627 1154 postquam
651 1075 719 1134 luxu
745 1085 831 1153 atque
858 1075 968 1135 desidia
995 1077 1097 1135 civitas
1123 1088 1261 1158 corrupta
1290 1089 1346 1158 est,

151 1218 154 1228 ·
177 1203 278 1244 rursus
297 1183 466 1265 respublica
488 1178 683 1262 magnitudine
705 1204 756 1245 sua
786 1186 993 1264 imperatorum
1020 1195 1107 1265 atque
1130 1179 1369 1266 magistratuum.

178 1295 246 1354 vitia
268 1295 464 1372 sustentabat,
488 1315 538 1373 ac,
562 1296 637 1358 sicut
659 1296 746 1360 clieta
769 1304 865 1358 aetate
885 1305 1051 1386 parentum,
1072 1297 1169 1358 multis
1192 1269 1346 1379 tempesta-

110 1445 113 1453 .
149 1403 259 1464 6tibus
276 1405 351 1465 haud
374 1409 444 1466 sane
468 1407 619 1498 quisquam
639 1406 751 1467 Romae
775 1399 879 1495 virtute
908 1425 1029 1485 magnus
1051 1407 1113 1469 tuit.
1159 1409 1218 1470 Sed
1240 1430 1346 1472 memo·
1410 1475 1411 1480 ,

177 1516 220 1574 ria
239 1534 304 1575 mea
324 1515 435 1594 ingenti
456 1513 574 1594 uirtute,
598 1516 722 1578 divorsis
745 1517 874 1578 moribus
892 1517 975 1606 luere
1000 1518 1053 1576 viri
1073 1517 1146 1596 duo,
1168 1519 1206 1580 Μ.
1226 1519 1298 1583 Cato
1319 1495 1389 1592 eti

179 1624 211 1685 C.
232 1623 355 1710 Caesam
380 1645 455 1707 quos
474 1628 609 1707 quoniam
627 1647 676 1686 res
699 1627 861 1706 obtulerat,
891 1628 1007 1688 silentio
1034 1631 1195 1708 praeterire
1215 1649 1273 1690 non
1294 1632 1348 1692 luit
1421 1605 1426 1618 Ι

178 1728 344 1815 consilium,
374 1739 442 1816 quin
465 1739 615 1827 utriusque
634 1747 764 1798 naturam
786 1747 815 1798 et
837 1757 953 1817 mores,
983 1749 1117 1816 quantum
1140 1739 1257 1816 ingenio
1281 1759 1348 1819 poss
1402 1727 1425 1798 ’,

179 1863 255 1924 sem,
278 1850 432 1927 aperirem.
482 1851 493 1860 “

91 1949 93 1956 ’
262 1957 335 2019 LIV.
374 1958 466 2035 Igitur
484 1958 530 2019 his
548 1977 659 2036 genus,
681 1967 777 2034 aetas,
798 1956 964 2038 eloquentia
984 1975 1078 2037 prope
1096 1958 1229 2038 aequalia
1246 1958 1346 2029 iuere;

145 2068 344 2146 amagnitudc
369 2070 453 2128 animi
476 2086 544 2150 par,
573 2072 640 2129 item
663 2068 775 2146 gloria,
803 2067 855 2127 sed
877 2066 933 2157 alia
955 2067 1013 2127 alii.
1058 2066 1169 2129 Caesar
1197 2068 1349 2129 beneficiis

60 2217 65 2227 ,
163 2187 262 2257 atque
290 2180 484 2240 munificentia
511 2199 632 2258 magnus
660 2178 837 2256 habebatur,
867 2179 1034 2256 integritate
1061 2181 1137 2239 vitae
1161 2179 1244 2240 Cato.
1293 2178 1348 2238 llle

176 2290 395 2351 mansuetudine
423 2300 452 2350 et
481 2291 682 2394 misericordia
711 2289 807 2350 clarus
828 2289 939 2366 iactus,
968 2288 1034 2349 huic
1058 2294 1200 2352 severitas
1227 2290 1349 2368 dignita·

131 2519 132 2522 ,
174 2477 385 2552 impediverant,
406 2476 740 2545 quominue'illipraecla-
783 2483 813 2528 ut
839 2479 1031 2544 imperatorum
1058 2478 1133 2530 vitiis
1159 2494 1214 2530 non
1242 2477 1350 2528 labaret

174 2544 211 2607 rie
231 2558 398 2608 facinoribus
418 2556 528 2607 maximi
546 2555 651 2607 fierent.
673 2581 677 2595 r
783 2571 816 2606 ac
833 2555 1001 2620 perderetur.

209 2642 345 2708 legionibus
372 2639 485 2704 bostiam]
510 2643 649 2692 Romanae
672 2639 741 2689 mili·
816 2641 881 2690 sicat
905 2642 982 2705 effeta
1007 2647 1090 2690 aetate
1112 2638 1256 2703 parentam]
1281 2638 1299 2689 i.
1325 2651 1349 2687 e.

174 2721 230 2770 tiae
248 2721 382 2771 vocabula
400 2718 537 2769 interdum
555 2734 636 2769 sensu
652 2719 741 2782 minus
780 2719 858 2782 plane
880 2725 907 2767 at
928 2721 990 2780 fieri
1012 2719 1089 2778 solet,
1113 2733 1184 2780 qaam
1206 2724 1280 2766 aetas
1303 2729 1350 2777 pa-

174 2798 284 2862 prcpric
311 2797 345 2847 ad
372 2801 479 2847 exterae
507 2799 602 2860 gentes
625 2795 742 2845 transfe-
783 2801 877 2843 rendam
897 2795 975 2858 effeta
992 2801 1047 2854 est,
1067 2807 1106 2842 sc.
1125 2797 1155 2843 ut
1174 2792 1301 2843 robustos
1319 2789 1351 2839 li-

175 2877 284 2935 nuntur;
308 2876 344 2925 cf.
367 2877 429 2939 Iug.
454 2873 503 2934 79,
526 2872 552 2923 4.
576 2871 624 2934 49,
650 2874 675 2922 2.
698 2871 741 2928 80,
781 2873 862 2922 beros
885 2873 997 2936 gignere
1021 2885 1076 2919 ucn
1093 2868 1349 2936 amplius,valeaut.

176 2953 202 3000 2.
222 2951 283 3000 Liv.
304 2951 408 3012 XXVI,
433 2951 463 3011 7,
490 2949 741 3000 renuntiaturae·
784 2951 964 3016 comparatur
987 2947 1141 3012 reipublicae
1165 2955 1237 2997 aetas
1263 2948 1351 3010 (ructa

176 3028 266 3077 dactus
280 3027 397 3077 ttoctead
405 3029 503 3091 flavium
520 3028 665 3092 legiones
683 3034 742 3077 ante
783 3031 969 3096 virtutumque
1003 3024 1103 3076 sterilis
1117 3046 1119 3050 ¹
1133 3041 1192 3076 curn
1216 3032 1350 3088 parentam

178 3108 254 3154 lacem
274 3105 381 3153 traiecit.
784 3115 868 3159 aetate
884 3107 962 3171 effeta
979 3119 1013 3154 ac
1030 3101 1114 3168 prolis
1134 3106 1252 3167 experte.

207 3203 291 3252 paron
309 3203 431 3238 mana-
450 3187 617 3254 contendisse]
635 3203 674 3240 sc.
693 3189 742 3256 ita,
819 3195 845 3247 6.
864 3192 921 3242 Non
934 3191 987 3254 fait
1001 3183 1137 3251 consiliam]
1158 3187 1285 3237 Perfecto
1298 3187 1350 3236 uti·
1430 3175 1433 3182 ’

176 3272 207 3320 ut
222 3266 372 3318 vincerent.
784 3276 829 3322 tur
848 3268 1008 3329 Sallustius,
1029 3265 1091 3330 quia
1110 3279 1164 3314 uon
1185 3265 1297 3331 respicit
1315 3263 1350 3313 ad

212 3353 300 3421 copiis]
320 3354 339 3405 i.
359 3369 382 3404 e.
402 3353 502 3418 epitom
523 3353 559 3404 cf.
578 3355 638 3420 Iug.
656 3355 697 3419 14,
717 3357 742 3406 7.
784 3350 813 3400 id
835 3335 956 3414 tampnis,
983 3360 1034 3410 quo
1061 3343 1129 3392 haec
1154 3344 1277 3409 scripsit,
1302 3342 1350 3394 sed

175 3437 235 3486 Item
269 3447 378 3497 genere,
415 3433 487 3497 fama
522 3440 596 3497 atque
635 3435 743 3496 copiis
784 3444 837 3495 quo
856 3427 971 3491 primum
990 3423 1023 3472 dc
1047 3422 1202 3486 aperiundis
1224 3421 1349 3473 Caesarie

174 3522 275 3580 potens.
784 3513 811 3558 et
838 3505 951 3557 Catonis
979 3501 1098 3552 moribus
1129 3502 1271 3567 cogitavit.
1307 3501 1350 3550 Ex

172 3611 173 3617 =
211 3599 278 3648 pezza
293 3593 377 3662 peste]
396 3611 435 3646 sc,
454 3611 584 3662 prospero
603 3600 711 3649 eventu,
783 3583 878 3635 eedem
895 3593 995 3631 caussa
1018 3577 1194 3642 repetendum
1217 3578 1349 3628 obtuderat.

210 3677 349 3727 uiolentiam
372 3671 530 3739 toleravisse]
556 3675 574 3726 i.
598 3691 621 3730 e.
641 3677 743 3728 violen.
784 3661 819 3712 cf.
839 3660 899 3724 Iug.
919 3657 965 3719 30,
984 3657 1012 3704 4.
1030 3654 1078 3717 95,
1097 3656 1122 3704 2.
1371 3704 1379 3719 ‚

177 3757 233 3807 tiae
250 3753 357 3806 fortiter
375 3753 519 3803 restitisse.
817 3753 889 3803 LIV.
911 3752 935 3801 1.
957 3744 1052 3812 Igitur]
1072 3745 1214 3798 Iudicatur
1226 3744 1278 3794 bac
1290 3758 1351 3810 per-

209 3841 332 3906 facamlia
350 3866 386 3875 —
404 3847 462 3889 ante
479 3839 549 3888 Ram.
567 3835 660 3902 fuisse]
680 3837 698 3888 i.
718 3854 741 3887 e.
784 3829 883 3892 ticula,
898 3830 1035 3878 auctorem
1047 3825 1103 3874 iam
1116 3823 1196 3873 adid
1211 3823 1349 3884 accedere,

176 3917 364 3986 praestitisse,
390 3920 418 3966 et
443 3921 535 3966 tamen
561 3915 595 3964 ab
620 3915 654 3965 iis
681 3915 744 3964 sub·
783 3909 818 3959 'de
839 3921 890 3972 quo
907 3919 936 3953 ΒΘ
951 3901 1085 3952 dicturum
1101 3916 1161 3951 estc
1174 3897 1351 3964 anteacigni·

179 4002 254 4051 actos
274 4010 342 4047 esse.
784 3987 927 4050 ficaverat3
948 3980 984 4030 cf.
1003 3982 1064 4045 Ing.
1083 3979 1130 4043 95,
1150 3981 1175 4033 3.

213 4083 239 4132 5.
267 4076 368 4144 aureas]
399 4078 418 4130 ἱ.
445 4092 468 4127 e.
496 4079 606 4139 contre,
635 4077 743 4128 inverso
821 4068 902 4134 aetas]
932 4065 1039 4116 Caesar·
1055 4068 1136 4113 natue
1163 4062 1216 4119 tuit
1239 4075 1264 4112 a.
1290 4059 1349 4110 100.

178 4159 272 4220 mod03
287 4158 322 4208 ci.
342 4158 404 4222 Iug.
422 4154 473 4216 69,
495 4153 518 4206 l.
786 4167 811 4201 e.
832 4148 907 4210 Oba,
929 4143 997 4194 Cato
1013 4158 1038 4193 a.
1057 4141 1100 4192 tte.

213 4236 378 4302 magnitudine
391 4251 439 4284 aaa
452 4227 668 4295 maaaateatabat]
685 4229 705 4280 i.
720 4244 745 4280 e.
822 4233 875 4283 otia
904 4226 958 4293 atii]
988 4228 1076 4289 Quum
1104 4222 1140 4272 ad
1165 4221 1351 4270 diuersitatem

179 4313 367 4382 magnitudine
392 4328 442 4364 sua
465 4311 494 4362 id
519 4309 746 4376 consequebatur,
788 4309 891 4376 gloriae
925 4300 1119 4392 designandam
1155 4299 1249 4364 utique
1283 4311 1350 4364 opus
