3070 4852
541 281 734 332 roouaunn.
764 283 794 332 o.
819 282 889 332 c1u.
915 283 983 332 mv,
1285 271 1347 338 235

177 459 239 502 rum
268 459 364 501 rerunt
398 451 428 502 et
452 459 635 522 quocumque
660 439 748 502 modo
780 439 851 500 belli
877 442 1247 520 componendi-licentiam
1274 445 1348 524 ipsis

146 554 326 634 tpermittit.
371 552 416 613 llli
443 561 553 614 mature
579 554 613 614 ad
638 551 761 614 hiberna
787 551 983 614 Romanorum
1011 553 1250 632 proficiscuntur,
1280 553 1348 616 dein

177 669 207 726 iu
227 665 331 724 itinere
353 681 369 723 a
391 663 531 724 Gaetulis·
542 662 703 726 latronibus
724 662 914 724 circumventi
934 662 1125 742 spoliatique,
1146 666 1261 744 pavidi,
1284 667 1347 726 sine

177 778 287 838 decore
311 774 347 835 ad
369 773 477 862 Sullam
505 775 689 854 profugiunt,
717 791 802 854 quem
828 772 930 834 consul
958 773 986 831 in
1013 773 1229 854 expeditionem
1259 778 1348 855 proil-

146 888 293 948 5ciscens
318 902 372 966 pro
395 893 532 964 praetore
560 884 728 964 reliquerat.
773 884 835 944 Eos
857 883 907 944 ille
934 901 992 944 nou
1014 902 1068 964 pro
1096 887 1178 945 vanis
1202 883 1347 963 hostibus,

176 999 216 1057 uti
236 998 330 1056 meriti
351 1003 447 1072 eraut,
478 995 530 1055 sed
555 1004 692 1056 accurate
714 1015 749 1056 aa
771 994 933 1056 liberaliter
954 994 1066 1066 babuit:
1096 1015 1151 1076 qua
1176 1013 1209 1054 re
1232 994 1347 1057 barbari

178 1117 207 1168 et
227 1107 329 1168 onam
347 1107 542 1166 Romanorum
570 1107 709 1167 avaritiae
731 1104 848 1183 falsam,
879 1115 909 1166 et
931 1095 1047 1167 Sullam'
1062 1105 1100 1165 ob
1124 1107 1347 1170 muntocenttnn

145 1219 206 1280 oin
234 1236 301 1278 sese
327 1219 447 1278 amicum
475 1219 539 1277 rati.
589 1215 661 1276 Nam
694 1217 839 1276 etiamtum
867 1216 985 1293 largitio
1015 1215 1111 1278 multis
1139 1217 1240 1294 ignota
1266 1225 1346 1286 erat:

175 1329 325 1388 mmtttcus
351 1344 436 1388 nemo
458 1326 626 1407 putubatur,
654 1329 708 1387 nisi
735 1329 844 1408 pariter
872 1326 989 1403 volens,
1015 1326 1092 1386 dona
1118 1329 1213 1388 omnia
1242 1328 1272 1387 in
1294 1325 1344 1388 be·

147 1423 316 1516 tuignitatb
338 1437 526 1499 habebantur.
571 1437 663 1516 Igitur
685 1440 834 1519 quaestori
861 1438 991 1498 mandata
1013 1436 1125 1498 Bocchi
1153 1437 1344 1518 patefaciunt;

175 1549 259 1611 simul
277 1547 313 1609 ab
333 1567 370 1609 eo
390 1555 507 1628 petunt,
526 1550 566 1608 uti
585 1549 682 1610 femor
702 1549 911 1628 consultorque
930 1547 985 1608 sibi
1005 1549 1089 1618 assit;
1111 1549 1228 1628 copias,
1250 1549 1345 1627 iidem,

174 1660 398 1738 magnitudinem
426 1660 507 1736 regis
535 1659 579 1718 sui
607 1669 636 1721 et
664 1659 734 1737 alia,
769 1678 843 1738 quae
869 1639 916 1720 abt
942 1659 1022 1719 utilis
1047 1667 1094 1718 aut
1120 1625 1346 1722 benevolentiae
1393 1671 1396 1676 “

175 1790 244 1832 esse
277 1769 449 1843 credebant,
486 1771 619 1830 oratione
650 1771 808 1838 extollunt;
845 1769 927 1845 dein,
962 1767 1042 1829 Sulla
1074 1771 1168 1830 omnia
1198 1770 1344 1849 pollicito,

176 1881 274 1957 docti,
302 1897 359 1960 quo
379 1878 466 1939 modo
489 1880 564 1960 apud
586 1880 721 1957 lilerium,
751 1882 819 1940 item
841 1879 916 1958 apud
936 1887 1066 1938 senatum
1088 1877 1179 1938 verba
1200 1878 1344 1956 iacerent,

177 1992 296 2052 circiter
314 1988 377 2051 dies
397 1990 586 2070 quadraginta
608 1989 714 2050 ibidem
738 1990 938 2070 opperiuntur.

261 2099 336 2162 ClV.
385 2100 507 2176 Marius,
546 2108 699 2179 postquam
733 2099 872 2160 conlecto
904 2099 1043 2178 negotio,
1077 2118 1135 2180 quo
1172 2096 1343 2175 intenderat,

175 2211 283 2273 Cirtam
304 2211 396 2287 redit,
422 2209 457 2269 de
482 2209 606 2271 adventu
627 2211 793 2288 legatorum
816 2210 925 2270 certior
947 2209 1057 2287 iactus,
1081 2211 1207 2292 illosque
1228 2222 1258 2272 et
1280 2212 1343 2272 Sul·

175 2323 232 2382 lam
254 2321 290 2381 ab
313 2321 398 2382 Utica
420 2322 523 2381 venire
541 2321 637 2400 iubet,
661 2323 729 2382 item
750 2322 781 2382 1.
802 2320 963 2382 ttelttenmn
982 2330 1163 2400 praetorem,
1191 2331 1344 2403 praeterea

175 2434 268 2493 omnis
292 2431 416 2512 undique
439 2433 577 2494 senatorii
600 2433 726 2510 ordinis,
755 2431 924 2512 quibuscum
945 2430 1076 2494 mandata
1098 2433 1208 2494 Bocchi
1234 2451 1344 2512 cogno·

147 2544 241 2604 escit.
281 2543 398 2620 legatis
417 2552 547 2622 potestas
569 2543 653 2603 eundi
672 2545 792 2604 Romam
814 2545 843 2604 iit
862 2542 898 2604 ab
919 2543 1054 2614 consule;
1079 2545 1189 2606 interea
1209 2545 1344 2606 induciae

175 2651 403 2732 postulabantur.
448 2652 491 2713 Ea
514 2653 612 2714 Sullae
634 2663 663 2714 et
684 2655 834 2734 plerisque
857 2653 1011 2733 placuere;
1035 2657 1120 2734 pauci
1142 2657 1272 2716 ferocius
1294 2655 1344 2716 de·

170 2855 219 2902 pro
237 2841 309 2888 nanis
331 2837 442 2888 lontibus
464 2837 672 2906 relatnmvalet
686 2854 735 2900 pn·
776 2854 830 2903 gna
841 2853 901 2888 ease
912 2837 1068 2899 credebant,
1079 2840 1150 2889 aive:
1165 2839 1341 2903 quaeBocchi

75 2919 79 2928 '
173 2918 248 2976 tacit,
283 2931 342 2965 curn
372 2915 509 2965 adverbiis
541 2915 662 2965 iunctum
693 2918 735 2966 est
775 2914 991 2966 benevolentiam
1012 2912 1150 2965 declarare
1168 2915 1340 2968 videbantur.

173 2993 300 3044 tractauit.
811 2993 866 3042 dieo
878 2991 1047 3056 quadruplata
1061 3018 1095 3028 -
1109 2992 1284 3058 oppemanntr]
1301 3009 1341 3046 sc.

208 3086 235 3127 nt
255 3079 337 3128 meriti
359 3073 443 3141 ararat]
467 3078 635 3139 eapropter
658 3076 736 3138 mise.
778 3069 864 3120 donec
893 3068 997 3118 Marius
1030 3083 1062 3117 ex
1091 3071 1262 3134 expeditione
1292 3070 1338 3134 (ci.

172 3153 285 3207 rabilem
309 3154 431 3205 habitum
454 3169 546 3216 suum,
570 3151 644 3202 haud
669 3169 736 3218 qua·
779 3147 804 3209 §-
825 3147 849 3197 1.
867 3143 904 3210 l.)
923 3143 1034 3196 rediret.

170 3251 254 3300 quam
270 3234 376 3298 legatos
390 3232 480 3296 regios
498 3231 673 3295 indicantem,
690 3249 739 3282 ne·
814 3231 883 3282 etv.
907 3231 931 3279 1.
958 3245 1006 3294 quo
1028 3227 1181 3296 intenderat]
1216 3229 1269 3292 Quo
1293 3229 1340 3280 ad-

173 3326 225 3377 que,
243 3310 334 3360 verbis
352 3309 409 3360 suis
427 3307 507 3358 fidem
527 3308 681 3360 facientem.
709 3309 711 3312 ’
738 3299 756 3317 ”
777 3309 898 3358 verbium
919 3313 961 3358 aet
974 3324 1022 3372 pro
1039 3309 1075 3358 ad
1089 3308 1167 3373 qnod:
1185 3324 1210 3358 v.
1227 3308 1261 3358 ad
1277 3307 1339 3360 Cat.

207 3384 404 3452 munr'ticentiam]
425 3402 451 3438 v.
471 3385 506 3436 ad
522 3389 583 3451 Ing.
604 3389 629 3448 t,
649 3388 675 3437 7.
778 3386 803 3448 3,
823 3385 847 3436 3.
867 3386 928 3436 coll.
947 3387 1007 3452 lug.
1026 3387 1068 3442 ot.
1088 3387 1111 3439 1.
1133 3387 1175 3448 74,
1191 3384 1216 3438 l.
1237 3386 1295 3448 102,
1316 3387 1339 3438 l.

207 3469 232 3520 6.
255 3469 381 3530 munificas
399 3492 432 3501 -
450 3469 499 3516 nisi
513 3468 617 3529 pariter
638 3461 732 3531 votens]
812 3464 844 3514 ab
865 3462 950 3530 Utica]
977 3464 1021 3533 lbi
1041 3464 1110 3514 enim
1130 3463 1207 3516 Sulla
1229 3465 1339 3528 agebat,
1390 3507 1397 3516 .

172 3547 191 3597 i.
212 3564 235 3598 e.
255 3547 301 3612 qui
320 3544 460 3595 munificus
480 3545 644 3609 putabatur,
663 3545 735 3595 idern
778 3541 898 3592 bibernis
916 3542 1071 3606 praefectus
1094 3542 1140 3606 (cl.
1161 3560 1184 3596 c.
1208 3541 1270 3604 103,
1291 3541 1339 3606 4.),

173 3625 274 3688 pariter
299 3622 380 3672 etiam
404 3621 497 3672 volens
521 3622 678 3687 putabatur.
701 3648 736 3658 -
778 3634 848 3684 quae
867 3619 895 3667 in
917 3619 1059 3670 vicinitate
1082 3619 1177 3670 arbium
1195 3621 1340 3668 nraritnma-

178 3705 271 3752 Volene
289 3700 451 3766 praegnanti
470 3716 551 3756 sensu
571 3705 613 3750 est
630 3701 735 3752 beneuo—
777 3713 831 3744 rum
858 3693 905 3758 (cl.
929 3711 953 3747 c.
976 3697 1082 3759 100,1.
1112 3695 1231 3760 103,1.)
1257 3696 1339 3746 babe-

173 3782 228 3836 lus:
247 3778 282 3828 ci.
301 3773 361 3841 Iug.
382 3776 424 3838 73,
443 3777 469 3828 3.
492 3778 534 3839 14,
555 3779 596 3829 19.
776 3773 885 3824 bantur.

206 3867 232 3914 in
246 3861 407 3926 benipnitate]
426 3862 444 3910 i.
459 3877 483 3912 c.
501 3864 603 3914 nonad
620 3878 735 3915 commo·
810 3853 966 3922 praetorem]
994 3871 1031 3906 sc.
1050 3855 1161 3905 Africae
1173 3854 1339 3920 provinciae,

174 3941 236 3991 dnm
253 3938 365 4004 aliquod
385 3939 569 4002 obtinendum,
589 3942 637 3992 sed
653 3942 734 3992 bene·
775 3936 822 4001 qui
839 3936 937 3985 Uticae
953 3932 1044 3982 sedem
1061 3931 1188 3981 habebat.
1421 3995 1424 4001 Ι

172 4017 308 4067 velentiae
333 4015 529 4080 significandae
554 4031 652 4067 caussa
675 4016 734 4066 dari
809 4023 835 4070 2.
861 4027 974 4082 potestas
1002 4021 1078 4069 candi
1104 4014 1215 4081 Romam]
1251 4017 1288 4069 ci.
1313 4033 1337 4068 c.
1446 4033 1450 4038 ·

172 4094 348 4160 putabantur.
779 4096 841 4158 103,
862 4097 887 4148 3.
965 4143 967 4148 .

206 4181 232 4229 7.
250 4177 333 4243 untia]
355 4194 393 4228 ec.
413 4175 518 4254 Sullae,
531 4174 576 4224 vel
594 4176 732 4227 Romanis.
807 4169 1010 4236 postulabantur]
1041 4186 1080 4220 sc.
1105 4170 1194 4220 Mauri
1218 4169 1339 4232 postula-

207 4255 390 4306 bencooientiae
408 4251 475 4318 esse]
494 4253 514 4302 i.
528 4267 551 4302 e.
566 4264 636 4315 quaa
653 4251 734 4301 bene·
775 4251 843 4300 bant
858 4264 876 4298 a
894 4247 992 4299 Mario.

171 4331 309 4384 velentiae
331 4329 380 4395 (sc.
399 4329 501 4381 Bocchi
517 4329 547 4380 in
565 4325 679 4394 Sullam)
699 4327 734 4376 si·
808 4327 921 4391 feremus
942 4321 1088 4390 decernunt]
1120 4323 1138 4376 i.
1165 4337 1188 4376 e.
1213 4323 1338 4376 inducias
