3028 4852
534 357 713 406 commun.
737 358 767 406 C.
792 359 890 408 XXXI.

1264 352 1305 414 69

128 534 186 596 que
206 517 275 576 loco
295 533 391 594 neque
410 515 518 576 homini
538 491 670 594 cuiquam
691 517 761 575 satis
783 516 922 594 credere,
949 535 1045 598 neque
1067 518 1174 600 bellum
1197 537 1304 598 gerare

99 646 225 705 guoque
255 646 358 706 pacem
382 626 507 704 trabere,
539 645 592 686 suo
622 629 745 706 quisque
773 637 850 688 metu
875 627 1006 708 pericula
1028 631 1132 690 metiri.
1176 629 1223 690 Ad
1245 629 1303 690 lroc

127 739 281 816 mulieres,
303 736 407 816 quihus
429 736 611 816 reipublicae
634 737 831 816 magnitudine
852 737 923 798 belli
945 740 1031 798 timor
1053 740 1187 800 insolitus
1207 742 1302 800 inces-

127 858 224 927 serat,
247 848 388 910 altlictare
409 867 493 926 sese,
514 867 614 909 manns
637 847 788 928 supplices
812 847 847 908 ad
866 848 981 908 coelum
1004 850 1141 926 tendere,
1171 851 1303 910 miserari

127 977 238 1039 parvos
265 958 393 1037 liberos,
427 961 573 1039 rogitare,
612 960 706 1020 omnia
740 977 865 1038 parere,
901 957 1038 1037 superbia
1067 968 1154 1038 atque
1188 960 1302 1020 deliciis

100 1071 246 1142 comissis
275 1069 329 1128 sibi
354 1053 525 1150 patriaeque
547 1069 690 1129 diflidere.

734 1069 773 1128 At
796 1067 939 1128 Catilinae
971 1069 1098 1130 crudelis
1121 1073 1231 1130 animus
1254 1089 1301 1132 ea·

89 1189 92 1234 t
128 1181 193 1241 dem
212 1179 261 1240 illa
279 1179 430 1258 movebat,
451 1182 565 1242 tametsi
585 1177 728 1260 praesidia
749 1175 938 1256 parabantur,
971 1189 1000 1239 et
1018 1183 1084 1260 ipse
1104 1182 1173 1258 lege
1192 1181 1302 1242 Plautia

100 1294 326 1368 5interrogatus
354 1299 416 1350 erat
438 1290 474 1350 ab
495 1289 526 1349 L.
550 1289 650 1348 Paulo.
695 1286 847 1347 Postremo
870 1287 1067 1351 dissimulandi
1092 1310 1194 1352 caussa
1222 1300 1251 1352 et
1272 1300 1302 1351 ut

129 1406 172 1463 sui
209 1400 405 1481 expurgandi,
441 1400 524 1459 sicuti
552 1400 648 1476 iurgio
678 1397 832 1492 QMUS
859 1399 955 1477 leret,
992 1401 1020 1460 in
1049 1411 1180 1462 senatum
1210 1402 1300 1461 venit.
1328 1385 1342 1485 ’ξ

99 1513 199 1586 6Τιιηι
228 1513 266 1571 Μ.
294 1510 405 1570 Tullius
434 1510 554 1588 consul,
592 1512 654 1571 sive
682 1510 878 1587 praesentiam
912 1511 975 1570 eius
1006 1513 1128 1589 timens,
1164 1513 1227 1572 sive
1260 1512 1302 1572 ira

129 1629 304 1697 commotus,
341 1621 503 1682 orationem
531 1620 629 1682 habuit
659 1620 834 1708 luculentam
863 1630 950 1700 atque
979 1622 1076 1681 utilem
1111 1622 1303 1701 reipublicae,
1345 1642 1358 1686 t

99 1749 213 1810 7quam
243 1740 345 1808 postea
375 1733 514 1811 scriptam
545 1732 641 1794 edidit.
693 1730 753 1792 Sed
783 1729 833 1790 ubi
860 1730 909 1789 ille
935 1730 1063 1807 assedit,
1099 1730 1237 1809 Catilina,
1273 1741 1305 1791 ut

127 1849 190 1900 erat
214 1850 331 1920 paratus
359 1842 395 1902 ad
420 1842 624 1905 dissimulanda
651 1843 760 1919 omnia,
788 1841 916 1901 demisso
943 1841 1038 1918 voltu,
1068 1859 1143 1901 voce
1174 1842 1313 1921 supplici.
1355 1901 1357 1906 .

128 1950 293 2031 postulare,
328 1962 428 2031 patres
458 1953 617 2034 conscripti
644 1972 681 2014 ne
707 1952 775 2032 quid
801 1951 837 2011 de
865 1969 899 2010 se
924 1960 1036 2012 temere
1066 1952 1233 2022 crederent;
1266 1971 1301 2012 ea

161 2156 197 2190 ecc
213 2155 305 2190 cumana
322 2139 431 2206 laetitia]
451 2157 477 2191 v.
497 2141 532 2191 ad
551 2141 611 2192 Cat.
625 2143 650 2202 4,
667 2141 692 2191 1.

162 2219 188 2269 2.
205 2216 342 2283 festinare]
361 2219 445 2268 Festo
461 2223 574 2270 auctore
592 2237 618 2284 p.
633 2220 692 2270 127.

127 2295 171 2347 ed.
185 2295 308 2345 Lindem.
329 2297 375 2361 qui
387 2297 472 2346 multa
490 2297 570 2348 simul
588 2297 694 2361 incipit,

125 2390 213 2439 neque
230 2365 344 2439 perficit,
363 2375 386 2424 ia
402 2376 518 2438 festinat.
544 2377 635 2438 Quare
654 2375 695 2424 in-

126 2453 215 2517 telligi
232 2451 360 2502 videntur
382 2453 488 2503 incerta
508 2458 536 2503 et
557 2455 635 2504 varia
658 2455 694 2504 ci-

125 2532 200 2581 vium
219 2528 347 2592 consilia,
376 2531 472 2595 quibus
489 2548 519 2582 se
536 2536 632 2583 eontra
649 2547 695 2598 pe-

125 2607 213 2658 ricula
230 2607 400 2658 imminentia
418 2613 583 2661 tutarentur.

110 2711 115 2722 ⁴
162 2685 188 2737 3.
204 2685 356 2749 reipublicae
372 2687 552 2754 ineptitudine]
566 2687 584 2738 i.
599 2704 622 2738 a.
635 2703 696 2752 pro-

126 2770 188 2832 pter
205 2769 311 2822 tantum
329 2766 497 2830 reipublicae
514 2767 572 2816 siva
590 2767 697 2831 imperii

126 2845 232 2894 romani
255 2845 400 2908 ambitum,
430 2851 461 2894 ut
491 2845 606 2909 quodvis
630 2844 695 2894 belli

126 2922 277 2988 periculum
296 2923 329 2972 ab
348 2923 409 2987 ipsa
432 2924 499 2973 urbe
517 2921 599 2987 longe
618 2922 696 2971 abes-

128 3004 180 3052 set.
217 2999 285 3051 Inde
307 3001 379 3050 enirn
396 3001 510 3050 insolitus
527 2999 592 3049 belli
614 2999 696 3049 timor

127 3080 191 3133 fuit.

163 3165 291 3229 afflictare
309 3159 376 3227 aeae]
397 3161 417 3214 i.
437 3179 461 3214 e.
482 3177 587 3213 summa
604 3160 697 3212 auxie-

128 3248 187 3296 tate
205 3239 311 3291 confici.

162 3322 243 3371 onmia
258 3315 368 3383 ponere]
387 3318 405 3368 i.
419 3334 442 3368 e.
457 3318 595 3382 omuibus,
613 3317 697 3368 etiam

124 3399 273 3452 levissimis
297 3402 325 3448 at
347 3396 489 3461 inanibus,
513 3397 541 3446 in
568 3413 697 3462 pavorem

128 3495 236 3530 couucr.

107 3581 110 3593 ·
162 3571 189 3618 4.
208 3569 262 3630 lep‘e
280 3561 396 3629 Plautio]
416 3561 487 3613 Lata
501 3560 553 3610 fuit
571 3576 596 3611 a.
610 3558 654 3611 89.
670 3573 696 3608 a.

129 3645 192 3695 Chr.
206 3659 232 3692 n.
253 3640 324 3707 (665.
344 3658 371 3691 u.
389 3639 425 3704 e.)
440 3657 457 3690 a
470 3641 508 3689 M.
522 3638 632 3688 Plautio
645 3636 697 3688 Sil-

127 3739 199 3776 vano
212 3722 320 3772 tribuno
338 3719 390 3785 pl.,
409 3711 485 3768 ut'de
501 3717 591 3781 capite
604 3731 697 3768 eorum

130 3805 317 3871 quaereretur,
342 3799 388 3864 qui
407 3799 453 3848 vira
478 3796 617 3846 fecissent.
654 3794 697 3846 Ad

128 3883 184 3933 vim
198 3884 288 3930 autem
300 3867 454 3943 pertinebat
468 3874 628 3924 seditionem
641 3888 700 3940 mo.

127 3975 203 4021 vere,
227 3954 433 4021 magistratibus
456 3957 483 4002 et
507 3952 616 4002 senatui
639 3952 697 4002 vio-

80 4060 86 4076 ·
125 4039 213 4090 lenter
231 4033 327 4096 reniti,
347 4032 409 4082 loca
428 4031 531 4080 munita
551 4042 694 4093 occupare,

127 4132 204 4169 arma
216 4116 339 4179 portare,
360 4109 454 4160 domos
472 4108 586 4158 diruere.
599 4133 635 4144 —-
652 4107 694 4156 Da

126 4203 286 4259 interrepere
303 4190 387 4240 verbo
405 4188 441 4238 cf.
459 4187 519 4238 Cat.
540 4185 581 4248 18,
598 4187 625 4235 2.

161 4274 194 4324 cd
213 4273 244 4320 L.
259 4263 351 4332 Paulo]
369 4266 434 4315 Fuit
452 4266 475 4313 is
494 4263 566 4313 filius
584 4263 623 4312 M.
645 4259 695 4310 Ae·

126 4353 194 4404 milii
212 4347 324 4412 Lepidi,
344 4361 370 4395 a.
383 4345 426 4395 78.
446 4359 472 4394 a.
486 4342 550 4393 Chr.
566 4338 695 4402 consulis,

122 4431 213 4481 ⁴irater
234 4427 273 4476 M.
300 4420 526 4486 Aemilii‘Lepidi
550 4418 696 4471 triumviri.

736 2140 913 2192 Consulatum
931 2141 1017 2206 gessit
1039 2157 1064 2191 a.
1084 2140 1126 2192 50.
1145 2155 1171 2189 a.
1190 2139 1252 2190 Chr.
1273 2157 1300 2191 n.

736 2235 796 2270 eum
811 2220 841 2270 C.
857 2219 971 2271 Claudio
988 2219 1128 2270 Marcello.
1141 2248 1177 2258 -
1195 2219 1301 2270 Caussa

736 2302 881 2362 antequam
899 2304 962 2348 acta
983 2303 1040 2361 est,
1066 2296 1184 2348 Catilina
1208 2297 1302 2348 urbam

736 2374 855 2440 reliquit.

772 2455 840 2520 alat
855 2461 883 2503 ut
899 2455 939 2504 sai
956 2454 1120 2520 exprrrpoodi
1132 2451 1196 2518 eto]
1215 2451 1302 2501 Dissi-

737 2530 850 2580 mulatio
874 2531 925 2582 hoo
947 2531 1006 2596 ipso
1032 2532 1191 2594 constabat,
1222 2527 1303 2594 quod,

737 2625 818 2674 quum
836 2607 955 2658 Catilina
978 2614 1071 2674 aperto
1092 2608 1231 2674 parricidii
1253 2606 1304 2656 cri-

737 2687 809 2736 mine
826 2689 977 2750 teneretur,
996 2692 1101 2750 tamen,
1124 2689 1254 2751 tanquam
1274 2684 1303 2733 in

737 2779 766 2813 re
783 2762 850 2826 levi,
867 2763 941 2813 haud
959 2779 1036 2815 secus
1053 2763 1120 2813 acsi
1136 2761 1233 2825 (sicuti)
1250 2763 1303 2810 iur-

737 2843 782 2908 gio
805 2847 925 2905 tantum,
950 2844 970 2894 i.
989 2842 1175 2894 amrbarum
1194 2844 1305 2890 eonten-

738 2923 812 2972 tione
835 2912 980 2970 lacessitus
1010 2921 1095 2980 louet,
1125 2919 1302 2982 expurgantis

736 2998 855 3063 speeiem
878 2995 943 3062 p'rae
966 3012 996 3046 se
1022 2996 1139 3058 ferebat,
1164 3011 1197 3045 ac
1220 2994 1304 3045 uerbis

737 3092 767 3128 se
785 3075 915 3125 invidiam
941 3091 1018 3126 suam
1042 3074 1143 3124 diluere
1162 3089 1242 3140 possa
1265 3072 1304 3122 vi-

738 3154 796 3205 deri
814 3152 934 3204 volebat.

772 3239 797 3291 6.
822 3237 881 3288 Tum
895 3237 935 3287 M.
955 3237 1050 3286 Tullios
1067 3234 1130 3298 ete]
1149 3233 1181 3284 Id
1199 3233 1303 3284 iactum

737 3335 763 3370 a.
784 3318 810 3369 d.
830 3319 878 3369 VI.
897 3317 939 3368 Id.
959 3316 1046 3376 Nom,
1065 3312 1149 3363 altero
1165 3312 1209 3361 dia
1228 3315 1302 3377 post-

737 3413 817 3464 quam
837 3399 986 3446 conventus
1010 3392 1210 3442 coniuratorum
1229 3389 1302 3456 apud

737 3479 857 3527 Laecam
879 3475 968 3524 luerat
989 3472 1113 3532 habitus,
1144 3471 1176 3520 de
1197 3485 1251 3534 quo
1274 3487 1301 3520 v.

737 3555 773 3606 ad
787 3554 847 3604 Cat.
862 3555 904 3616 at,
917 3553 942 3605 3.
957 3549 1018 3601 coll.
1032 3550 1156 3598 annotat.
1169 3546 1204 3596 ad
1217 3546 1260 3609 29,
1276 3548 1301 3596 1.

772 3627 929 3694 luculentam]
952 3629 971 3678 i.
994 3643 1017 3676 a.
1038 3631 1095 3677 tum
1113 3625 1141 3674 vi
1164 3628 1191 3674 et
1212 3623 1304 3688 gravi-

736 3715 795 3762 tate
826 3707 1037 3767 sententiarum,
1071 3708 1128 3753 tum
1157 3701 1302 3752 verborum

737 3787 879 3855 splendore
894 3783 1038 3848 insignem.
1062 3779 1232 3846 Intelligitur
1243 3793 1302 3828 ora-

738 3869 777 3918 tio
796 3865 823 3912 in
842 3862 903 3913 Cat.
920 3861 944 3909 1.

773 3954 799 4002 7.
825 3957 852 3999 ut
879 3954 937 3999 erat
954 3943 1073 4010 parante]
1107 3943 1141 3994 Ut
1167 3937 1305 4005 particula

738 4045 799 4080 cum
823 4043 878 4078 ease
901 4025 985 4075 verbo
1009 4023 1155 4073 coniuncta
1177 4029 1303 4066 caussam

736 4108 776 4158 ita
794 4087 883 4155 reddit
902 4102 1016 4153 alieuius
1035 4099 1102 4149 facti
1125 4098 1153 4145 in
1171 4092 1304 4158 peculiari

736 4183 852 4234 hominis
870 4181 979 4247 ingenio
998 4181 1044 4227 aut
1059 4175 1099 4224 rei
1116 4176 1216 4223 natura
1234 4171 1305 4236 posi·
1337 4225 1339 4230 ,

737 4266 810 4323 tam,
833 4263 864 4309 ut
888 4259 963 4308 iacta
989 4270 1031 4304 res
1050 4267 1111 4303 cum
1138 4265 1189 4300 sua
1206 4265 1304 4301 caussa

738 4342 918 4404 comparetur3
944 4334 980 4385 cf.
999 4333 1059 4396 Ing.
1080 4331 1110 4393 7,
1130 4331 1154 4379 4.
1172 4329 1304 4395 lupartlra,

737 4426 770 4468 ut
793 4423 867 4467 erat
885 4415 989 4476 inpigro
1013 4416 1089 4474 atqrre
1117 4410 1173 4459 aaut
1196 4410 1304 4476 ingenio,

1344 1545 1466 1644 ,a
