3024 4852
532 966 917 1044 IUGURTHA.

228 1327 250 1388 1.
295 1325 384 1388 Falso
408 1327 538 1406 queritur
559 1326 595 1386 de
618 1336 719 1388 natura
740 1345 791 1388 sua
812 1345 906 1406 genus
929 1325 1094 1406 humanum,
1122 1329 1200 1408 quod
1223 1329 1310 1390 imbe-

114 1438 211 1500 2cilla
231 1447 318 1518 atque
340 1438 404 1498 aevi
426 1438 525 1498 brevis
546 1437 622 1497 lorte
641 1440 737 1518 potius
760 1457 843 1518 quam
863 1439 968 1498 virtute
984 1447 1112 1515 regatur.
1147 1439 1221 1502 Nam
1242 1459 1310 1501 con·

104 1607 109 1616 ,
144 1557 188 1608 tra
211 1546 374 1628 reputando
400 1566 496 1627 neque
518 1549 610 1608 maius
633 1548 709 1609 aliud
730 1567 825 1628 neque
850 1548 1053 1630 praestabilius
1076 1549 1220 1630 invenias,
1251 1571 1310 1612 ma·

142 1658 247 1736 gisque
274 1668 391 1718 naturae
417 1658 582 1720 industriam
611 1659 755 1720 bominum
782 1678 866 1742 quam
894 1651 961 1720 vim*
977 1670 1025 1720 aut
1052 1670 1166 1741 tempus
1193 1663 1310 1724 deesse.

114 1767 201 1826 3Sed
223 1767 281 1827 dux
311 1778 397 1849 atque
419 1771 577 1849 imperator
600 1772 685 1829 vitae
700 1770 860 1830 mortalium
886 1771 995 1830 animus
1024 1781 1077 1832 est.
1123 1774 1178 1848 Qui
1200 1774 1249 1834 ubi
1274 1775 1310 1834 ad

141 1877 265 1954 gloriam
286 1879 398 1940 virtutis
420 1881 466 1939 vla
489 1888 656 1958 grassatur,
685 1855 798 1940 abunde
821 1879 937 1958 pollens
964 1890 1129 1960 potensque
1156 1892 1185 1942 et
1214 1884 1311 1944 clarus

142 1996 200 2064 est,
224 2006 319 2067 neque
339 1989 454 2051 fortuna
475 2000 559 2068 eget;
589 1992 699 2070 quippe
721 2008 795 2069 quae
818 1988 1007 2069 probitatem,
1037 1991 1203 2054 industriam
1226 1993 1309 2054 alias-

113 2115 197 2175 4que
215 2099 285 2158 artis
303 2098 395 2161 bonas
412 2119 508 2179 neque
528 2101 598 2161 dare
616 2118 712 2200 neque
731 2101 848 2179 eripere
865 2101 997 2179 cuiquam
1016 2111 1129 2182 potest;
1147 2106 1191 2164 sin
1208 2113 1310 2183 eaptus

142 2209 240 2286 pravis
269 2210 450 2290 cupidinibus
478 2213 514 2272 ad
536 2213 666 2272 inertiam
694 2220 723 2271 et
746 2211 911 2290 voluptates
942 2214 1077 2294 corporis
1108 2215 1310 2294 pessumdatus

141 2332 185 2382 est
213 2326 380 2403 perniciosa
408 2323 535 2386 lubidine
565 2323 716 2403 paulisper
743 2341 828 2400 usus,
865 2323 913 2384 ubi
943 2343 996 2404 per
1028 2324 1193 2388 socordiam
1221 2327 1309 2404 vires,

175 2509 197 2560 I.
224 2510 247 2561 1.
272 2509 338 2576 oeci]
370 2512 441 2562 Aeco
459 2511 619 2578 designatur
637 2507 703 2562 tern-
756 2547 759 2553 .
780 2513 879 2572 polleas
895 2520 1032 2578 potensque
1050 2523 1075 2564 et
1089 2512 1186 2578 clama]
1207 2515 1310 2565 Pellene

140 2588 214 2652 poris
238 2591 371 2655 spatium,
398 2590 471 2656 quod
494 2591 554 2656 quis
574 2591 633 2641 vita
659 2607 703 2640 ex·
748 2595 806 2653 ast,
830 2591 877 2656 qni
894 2592 1002 2657 magnis
1021 2593 1124 2643 viribus
1144 2597 1187 2644 est
1203 2595 1309 2658 praedi-

140 2665 235 2731 plevit.
744 2673 804 2732 tus,
826 2679 924 2734 potens,
944 2671 991 2736 qui
1009 2672 1106 2722 virium
1126 2687 1177 2721 usu
1194 2674 1309 2725 multum

171 2743 526 2811 sortepotiucquamutrtute]
541 2743 609 2794 Fors
622 2758 702 2810 quum
744 2747 818 2798 valet
848 2745 941 2813 (germ.
967 2749 1066 2814 lrrdstip
1089 2767 1116 2800 u.
1140 2751 1310 2816 oermdpend).

138 2818 167 2868 in
190 2820 224 2870 iis
249 2828 389 2885 cernatur,
414 2837 488 2890 quaa,
507 2821 566 2870 sine
587 2821 649 2886 tege
670 2837 702 2870 ac
744 2829 836 2879 Olunta
853 2825 952 2876 dicitur
966 2829 1072 2876 animus
1087 2843 1141 2877 non
1158 2829 1238 2892 fama,
1258 2847 1308 2894 qtae

140 2896 254 2948 oonsilio
262 2899 427 2963 finnt,forte
439 2897 702 2961 comprehenduntur
744 2905 899 2967 celebretur,
927 2905 974 2955 sed
996 2907 1145 2969 splendore,
1176 2922 1223 2970 qno
1250 2923 1308 2970 spe.

140 2987 183 3022 res
202 2973 367 3040 improvisae
385 2991 435 3025 nee
453 2977 482 3024 in
499 2974 638 3024 hominum
655 2991 703 3025 vo·
743 2989 836 3032 orantur,

138 3047 245 3100 luntate
259 3053 377 3116 positae,
392 3067 461 3116 quae
475 3051 643 3101 extrinsecus
657 3052 702 3101 ob·
779 3059 872 3124 quippe
894 3072 959 3122 quae
976 3083 1012 3092 —
1026 3054 1122 3120 potest]
1149 3073 1175 3107 v.
1195 3057 1229 3107 ad
1249 3057 1308 3110 cat.
1389 3084 1391 3088 ·

138 3131 230 3178 trusae
248 3129 412 3193 impediunt,
431 3130 573 3194 quominus
592 3145 625 3179 ee
641 3128 702 3194 lege
744 3134 792 3198 48,
810 3136 836 3185 2,

137 3207 243 3270 vivant,
262 3224 343 3273 quarn
359 3210 488 3274 optimam
502 3210 613 3262 ducunt.
641 3213 702 3263 Vir·
779 3210 855 3278 ortis]
876 3228 901 3261 v.
921 3211 955 3260 ad
974 3209 1033 3261 Cat.
1052 3213 1081 3274 2,
1101 3214 1128 3262 4.

136 3291 178 3334 tue
200 3289 291 3336 autern
314 3289 381 3336 ratio
406 3291 448 3336 est
470 3288 591 3352 perfecta
616 3305 702 3355 eaque
778 3292 803 3342 4.
828 3291 864 3339 ad
879 3290 994 3354 inertiam
1011 3318 1041 3327 -
1061 3290 1238 3351 pessunrdctua
1255 3287 1304 3355 est]

138 3361 225 3414 libero
236 3379 288 3413 nec
303 3363 412 3416 aliunde
425 3365 545 3430 pendens
558 3367 633 3419 vitae
645 3385 700 3420 mo·
742 3365 894 3417 Insolenter
915 3367 1075 3430 pessumdari
1095 3376 1162 3416 eum
1178 3368 1216 3416 ud
1232 3383 1309 3431 prae-

137 3440 266 3492 deratrix.
741 3447 875 3513 positione
900 3450 1083 3496 constructum
1102 3445 1245 3497 brevitatis
1266 3447 1307 3497 el-

171 3520 196 3572 2.
217 3517 317 3585 eonon]
336 3519 354 3568 i.
373 3534 398 3569 e.
417 3533 450 3576 ex
468 3521 615 3571 contrario.
741 3524 874 3574 finiendae
891 3539 998 3575 caussa.
1037 3523 1139 3574 Sensus
1159 3527 1305 3576 animast:

171 3593 324 3661 reputando]
352 3595 469 3658 Querela
486 3596 534 3646 illa
551 3597 584 3648 de
601 3601 701 3648 natura
740 3603 780 3652 ain
800 3603 836 3651 ita
854 3604 1009 3666 depravatos
1026 3607 1078 3662 est,
1096 3609 1124 3650 nt
1140 3603 1256 3651 inertium
1274 3631 1308 3640 -

136 3677 254 3726 humana
269 3689 351 3739 quum
370 3674 514 3725 plenitate
531 3676 626 3726 indicii
640 3693 700 3742 pro·
743 3688 874 3745 separetur.

136 3756 289 3816 fioiseatur,
314 3754 457 3816 reputando
476 3753 613 3819 significat
635 3773 701 3806 men·
774 3760 919 3820 peruiciosa
931 3755 1040 3804 lubidine
1053 3750 1116 3816 ete]
1135 3753 1212 3802 Haeo
1224 3754 1309 3804 verba

136 3836 169 3884 tis
186 3834 241 3882 acle
259 3831 421 3881 intendenda.
742 3836 845 3898 pariter
862 3840 893 3885 ut
909 3843 999 3896 eaptus
1015 3836 1067 3881 etc.
1080 3829 1116 3880 ad
1128 3834 1307 3894 pessumdatus
1393 3833 1401 3846 ⁸

171 3910 196 3964 3.
217 3913 272 3962 dux
288 3917 363 3974 atque
376 3908 525 3974 imperator]
547 3910 642 3975 Imago
655 3926 701 3974 pe·
742 3919 781 3962 est
798 3913 966 3972 referuntur,
984 3907 1155 3972 instrument,
1175 3912 1206 3958 ut
1219 3908 1307 3958 altero

136 3990 190 4040 tica
208 4005 224 4039 a
241 4004 272 4038 re
291 3987 411 4038 militari.
447 3988 592 4039 Graviores
610 3993 700 4038 autern
742 3991 886 4056 participio
908 3990 980 4053 oripo
1003 3986 1198 4051 pessumdendi
1222 3986 1308 4036 altero

136 4067 295 4132 imperatoris
318 4081 399 4131 qnam
423 4066 493 4116 doctr
517 4070 580 4116 sunt
599 4070 700 4130 partes,
743 4069 822 4130 quasi
846 4068 969 4117 tranatico
989 4064 1024 4113 ad
1047 4064 1136 4128 ipsam
1161 4062 1308 4127 perniciem

138 4159 250 4210 quorum
268 4144 312 4194 hic
335 4144 409 4194 viam
427 4143 506 4193 modo
526 4143 631 4207 praeit,
654 4143 700 4194 ille
743 4145 923 4195 describatnra
967 4141 1079 4192 Planius
1109 4141 1307 4190 sententiarum

137 4236 257 4272 summus
276 4222 394 4272 omnium
412 4236 502 4272 rernm
522 4220 626 4270 arbiter
643 4224 697 4281 est3
742 4222 812 4273 ratio
845 4212 959 4287 apparet
986 4218 1136 4300 posteriore
1162 4218 1306 4282 participio

137 4300 208 4351 unde
236 4300 340 4364 planior
368 4302 445 4352 notio
472 4316 520 4365 per
550 4309 624 4366 atque
653 4316 699 4352 an·
742 4295 834 4349 soluto'
846 4304 872 4348 et
882 4301 947 4348 ante
957 4295 1145 4362 praedicatum
1156 4294 1305 4346 collocato:

137 4379 265 4430 nectitur.
742 4377 785 4426 sin
803 4380 899 4442 captus
917 4376 1011 4442 pravis
1030 4373 1218 4440 cupidinibus,
1235 4381 1307 4438 post-
