3024 4852
191 278 252 339 100
437 259 440 264 ’
598 281 955 332 c.snnnuanucn1sr1

132 441 137 450 '
189 463 236 507 me
255 442 324 504 niibi
343 451 430 521 atque
453 439 538 502 vohis
554 440 671 500 timere.
717 439 815 514 Quare
837 457 923 532 quum
944 437 981 498 de
1004 438 1035 499 P.
1050 439 1172 500 Lentulo
1193 440 1367 517 ceterisque
1382 415 1416 498 lt

80 527 82 534 Ι
190 556 337 633 statuetis,
359 570 413 633 pro
437 561 519 611 certo
539 551 695 626 habetote,
718 566 772 608 vos
793 549 876 609 simul
898 549 934 610 de
957 531 1089 610 exercitii
1113 549 1255 612 Catilinae
1274 558 1304 610 et
1327 549 1368 608 de

190 663 323 726 omnibus
344 661 500 723 coniuratis
520 662 692 722 decernere.
729 659 845 734 Quanto
865 676 919 719 uos
939 661 1074 720 attentius
1092 679 1127 720 ea
1147 664 1259 739 agetis,
1281 663 1416 720 taut018

190 775 248 836 illis
268 776 379 835 animus
402 773 541 833 inlirnrior
563 772 632 840 erit;
662 770 687 829 si
709 768 855 849 paululum
876 769 962 830 modo
986 789 1041 830 vos
1063 771 1205 848 languere
1231 771 1367 847 viderint,

104 956 110 965 Ι
191 885 246 946 iarn
276 901 377 944 omnes
408 883 528 943 feroces
560 882 690 943 aderunt.
739 879 838 940 Nolite
864 881 1057 959 existumare,
1087 883 1213 941 maiores
1243 892 1364 943 nostros
1379 889 1414 940 19

191 995 278 1056 armis
305 991 514 1073 rempublicam
542 1010 579 1053 ex
607 1009 699 1072 parva
732 1009 865 1068 magnam
892 990 1011 1052 iecisse.
1065 993 1097 1053 Si
1122 993 1161 1054 ita
1190 1011 1240 1052 res
1270 1000 1414 1068 esset,20

190 1105 280 1164 multo
304 1102 536 1183 pulcherrumam
564 1121 628 1163 eam
657 1119 711 1163 nos
738 1099 927 1172 haberemus;
957 1103 1066 1182 quippe
1095 1104 1242 1164 sociorum
1274 1112 1364 1181 atque

192 1216 312 1291 civium,
337 1222 492 1293 praeterea
515 1231 659 1274 armornm
681 1221 768 1290 atque
793 1229 933 1291 equorum
954 1216 1045 1274 maior
1065 1212 1149 1274 nobis
1169 1214 1254 1293 copia
1277 1231 1363 1292 quarn

191 1325 249 1386 illis
275 1333 330 1385 est.
374 1322 435 1385 Sed
464 1323 519 1384 alia
549 1323 650 1400 fuere,
682 1341 756 1402 quae
785 1321 853 1381 illos
878 1341 1001 1402 magnos
1026 1324 1143 1402 iecere,
1173 1343 1248 1403 quae
1276 1325 1362 1386 nobis
1375 1329 1411 1377 21

190 1434 269 1494 nulla
293 1443 376 1510 sunt,
406 1433 483 1492 domi
505 1433 659 1510 industria,
689 1434 764 1494 foris
784 1431 888 1493 iustum
910 1434 1077 1512 imperium,
1108 1435 1217 1495 animus
1239 1436 1267 1494 in
1293 1452 1361 1495 con-

191 1543 313 1604 sulendo
335 1543 426 1619 liber,
456 1561 552 1624 neque
571 1545 679 1607 delicto
704 1564 800 1625 neque
822 1543 940 1604 lubidini
962 1542 1115 1604 obnoxius.
1160 1544 1216 1605 Pro
1237 1546 1281 1606 lris
1305 1563 1361 1605 nos
1374 1552 1414 1602 22

157 1651 329 1726 ,babemus
352 1652 491 1714 luxuriam
510 1665 597 1735 atque
617 1658 781 1733 avaritiam,
804 1654 921 1734 publice
938 1663 1114 1746 egestatem,
1140 1657 1272 1733 privatim
1291 1672 1363 1734 opu·
1463 1675 1470 1694 ·

190 1763 324 1833 lentiam
348 1763 496 1826 laudamus
518 1767 648 1844 divitias,
671 1767 818 1846 sequimur
838 1766 985 1835 inertiam;
1008 1767 1082 1826 inter
1103 1764 1197 1826 bonos
1218 1776 1247 1827 et
1267 1767 1363 1826 malos

190 1875 345 1938 discrimen
368 1876 493 1952 nullum,
523 1879 617 1939 omnia
640 1877 753 1937 virtutis
777 1876 905 1954 praemia
929 1873 1046 1936 ambitio
1069 1877 1211 1956 possidet.
1255 1877 1360 1955 Neque
1373 1884 1413 1936 23

189 1988 322 2057 mirum;-
338 1987 386 2048 uhi
409 2006 463 2048 vos
486 1989 643 2068 separatim
666 1985 721 2047 sibi
746 1987 869 2065 quisque
890 1985 1041 2046 consilium
1064 1989 1186 2066 capitis,
1216 1987 1263 2048 ubi
1286 1987 1363 2048 domi

190 2097 404 2178 voluptatibus,
431 2097 480 2157 bic
505 2100 647 2177 pecuniae
674 2104 722 2156 aut
746 2099 858 2172 gratiae
882 2096 1017 2174 servitis,
1045 2116 1082 2158 eo
1106 2099 1152 2176 lit,
1181 2108 1211 2158 ut
1238 2100 1363 2178 irnpetns

190 2209 240 2268 liat
264 2209 293 2268 in
316 2225 437 2268 vacuam
466 2207 684 2287 rempublicam.
728 2205 786 2266 Sed
816 2225 875 2284 ego
902 2206 977 2266 baec
1005 2208 1115 2268 omitto.
1160 2207 1360 2270 Coniuravere
1374 2214 1414 2262 24

190 2315 371 2378 nobilissumi
392 2317 472 2376 cives
495 2279 616 2395 patriam
636 2315 810 2394 incendere,
835 2315 981 2378 Gallorum
1000 2328 1118 2396 gentem
1139 2319 1364 2380 infestissumam

190 2427 296 2486 nomini
323 2427 455 2486 Romano
485 2425 520 2486 ad
547 2427 655 2487 bellurn
688 2435 860 2503 accersunt,
892 2427 950 2488 dux
979 2428 1104 2489 hostiurn
1134 2449 1198 2491 cum
1231 2431 1363 2491 exercitu

191 2553 279 2616 snpra
303 2545 390 2616 caput
413 2545 474 2596 est:
499 2555 552 2597 vos
576 2538 747 2598 cunctamini
770 2535 856 2596 etiam
879 2555 954 2600 nnnc
977 2548 1007 2598 ot
1028 2539 1177 2620 dubitabis,
1200 2539 1268 2620 qnid
1287 2541 1411 2601 intra25

189 2739 316 2806 quentia,
331 2753 375 2790 oca
390 2741 507 2791 aimnl-
522 2741 554 2792 dc
572 2743 682 2794 ornnibue
699 2758 755 2793 con-
797 2756 853 2792 non
885 2740 970 2792 habet
995 2759 1101 2794 causaue
1126 2743 1364 2810 significationem,

187 2819 279 2871 nram
294 2819 432 2870 decernere
449 2824 545 2886 aperte
562 2820 591 2872 in
609 2821 755 2873 Gaesarem
798 2835 881 2885 quam
898 2824 1053 2886 exspectem
1079 2822 1127 2872 sed
1145 2827 1241 2873 auctor
1262 2826 1366 2887 tempo-

190 2896 355 2948 dictasunt.
798 2899 836 2948 ris
856 2901 883 2947 et
908 2913 1023 2949 mussas
1039 2901 1173 2951 rationem
1195 2901 1236 2952 ita
1253 2900 1366 2951 coniun-

225 2975 267 3030 18.
282 2976 385 3040 seroces
406 2975 527 3044 admunt]
552 2980 571 3032 i.
595 2995 619 3033 o.
639 2994 700 3030 cum
717 2976 756 3027 ie·
799 2976 856 3040 git,
881 2978 913 3025 ut
937 2991 1048 3028 exorsus
1071 2995 1120 3043 per
1142 2979 1185 3029 nbi
1202 2975 1364 3043 particulam

188 3054 264 3106 rocio
281 3051 424 3104 instabunt
442 3055 627 3123 impetumque
642 3057 755 3106 facient.
798 3054 852 3120 (ε
868 3070 946 3115 nunc,
965 3053 1049 3121 quum)
1068 3073 1085 3106 a
1102 3057 1255 3122 praesentis
1274 3060 1363 3106 status

189 3135 230 3186 De
249 3133 340 3182 adesce
357 3132 440 3181 verbo
458 3134 493 3183 ci.
512 3135 572 3201 lug.
591 3136 640 3198 50,
659 3137 685 3185 4.
798 3133 980 3198 descriptione
1004 3134 1088 3186 addat
1112 3150 1141 3185 eo
1165 3138 1208 3202 fit,
1227 3140 1278 3196 nt,
1310 3149 1362 3199 quo

223 3219 267 3270 21,
284 3233 377 3284 nequas
388 3219 479 3269 delicto
496 3237 576 3286 neque
594 3221 700 3272 lubidini
715 3222 758 3272 οι).
799 3213 938 3263 sententia
959 3211 1043 3264 multo
1066 3213 1185 3264 vividius
1209 3217 1237 3264 et
1253 3214 1364 3280 gravius

189 3292 292 3359 nonina]
315 3295 439 3358 Utroque
461 3298 621 3350 consulendi
642 3298 756 3351 libertas
798 3291 966 3354 declaratur,
984 3308 1065 3357 quam
1084 3295 1108 3343 ti
1123 3293 1237 3344 dixistei
1249 3311 1365 3360 quum-

188 3371 349 3438 impeditum
372 3386 435 3421 nem
458 3375 504 3439 qui
526 3378 616 3428 delicio
634 3377 757 3429 obnoxius
797 3371 919 3433 cupiatis,
935 3374 1196 3437 quum—emiolia,
1216 3375 1320 3435 impetun
1333 3373 1365 3434 fit

190 3453 246 3512 est,
270 3446 438 3499 conscientia
461 3450 559 3517 eulpae
575 3470 686 3520 pressus
706 3471 756 3506 non
794 3451 820 3500 in
837 3463 916 3512 remp.

191 3526 269 3576 audet
294 3523 380 3582 libare
407 3526 563 3591 consulere;
588 3533 693 3584 lubidini
713 3536 757 3586 ob.
832 3533 935 3594 impetus
957 3533 1004 3586 rint
1026 3530 1090 3598 etc]
1122 3534 1207 3584 Tecte
1229 3533 1273 3584 hic
1297 3549 1362 3599 qno-
1412 3584 1420 3598 ..

189 3603 283 3655 nonina
299 3601 444 3666 impotenti
458 3605 609 3670 cupiditate
627 3610 757 3678 abreptus
798 3626 851 3675 que
875 3609 1019 3662 Caesarem
1041 3613 1099 3677 peti
1126 3613 1200 3664 haud
1227 3614 1363 3680 improbe-

191 3698 241 3734 ncn
261 3685 444 3734 catervarum
465 3690 622 3755 rectumque
640 3691 669 3741 in
694 3708 757 3744 con·
796 3688 851 3740 bile
868 3691 918 3739 esi·

190 3758 304 3812 ⁵⁰1⁰¹1d0
322 3759 408 3824 se‘11²5-
832 3771 946 3839 vacuom]
963 3773 981 3824 i.
1000 3790 1023 3824 e.
1044 3773 1178 3825 desertam
1194 3776 1231 3830 ab
1249 3776 1297 3840 iis,
1317 3777 1364 3842 qni

225 3848 269 3902 22.
287 3845 422 3915 sequimur]
449 3851 468 3902 i.
497 3866 521 3905 a.
545 3855 698 3918 appetimus
724 3874 757 3910 ac
800 3868 859 3904 eam
877 3852 947 3904 tueri
963 3853 1106 3908 debebant.

191 3925 278 3980 dediti
291 3941 393 3980 tumus·
835 3942 878 3992 24.
897 3941 1066 3993 Coniuravere
1085 3967 1118 3978 —
1134 3940 1278 4008 incendere]
1298 3943 1363 3994 Infi-
1471 3981 1478 3988 .

219 4011 347 4080 possidet]
371 4012 389 4064 i.
402 4027 426 4066 e.
441 4020 468 4063 ut
481 4029 528 4064 eno
540 4016 670 4080 occupauit
688 4014 757 4081 (gcr-
798 4017 879 4068 nitivi
896 4019 967 4068 ratio
987 4034 1018 4069 eo
1042 4024 1165 4084 constat,
1189 4023 1261 4087 qnod
1278 4025 1363 4073 cunin

190 4096 297 4146 manico
313 4094 359 4146 irat
374 4095 399 4144 ln
417 4091 542 4160 Beaodlop
561 4095 741 4160 penomrnenb
796 4107 893 4148 nouere
912 4111 994 4147 sensu
1018 4112 1072 4146 non
1096 4097 1186 4150 differt
1208 4116 1225 4150 a
1244 4103 1364 4150 coniura-

226 4180 269 4232 23.
293 4179 432 4244 separatim
454 4176 503 4230 riti
528 4179 643 4248 quinque]
669 4196 707 4233 sc.
727 4188 759 4234 ut
798 4176 864 4226 tione
879 4174 954 4238 scota
971 4178 1129 4226 constituere.

191 4257 289 4321 cuique
306 4254 373 4308 utile
390 4261 433 4309 eat
452 4259 479 4308 at
497 4257 633 4312 conducit.
833 4261 876 4312 25.
895 4257 1054 4325 cunctamini]
1079 4260 1098 4314 i.
1123 4275 1146 4314 e.
1168 4277 1230 4314 curn
1253 4267 1365 4315 cuncte-

231 4330 273 4383 nti
289 4355 325 4370 ··
341 4333 444 4400 capitia,
469 4330 512 4386 uit
527 4359 560 4374 -
577 4334 686 4404 territis]
711 4337 760 4390 Uti
794 4337 868 4390 tione
886 4333 1052 4389 deliberatis.
