3024 4852
216 276 276 336 158
622 287 652 334 c.
677 289 846 338 sunnusnr
869 289 982 339 cn1s1³1

214 445 317 520 uleisci
338 445 488 522 nequitur,
518 444 704 522 inresectum
726 447 772 506 sit.
817 446 1024 526 Superioribus
1045 451 1128 510 annis
1152 451 1233 510 taciti
1255 451 1437 529 indigna-s

215 555 319 615 bamini
340 555 481 614 aerarium
504 554 642 634 expilari,
666 575 756 634 reges
779 565 808 616 et
829 559 958 638 populos
980 558 1092 621 liberos
1114 562 1216 642 paucis
1239 561 1410 622 nobilibus

216 665 343 743 vectigal
367 665 512 745 pendere,
550 685 642 745 penes
666 667 786 727 eosdem
811 677 840 728 et
868 688 1004 730 summam
1032 671 1157 748 gloriam
1183 681 1212 730 et
1237 690 1408 732 maxumas

215 777 328 838 divitias
351 795 434 847 esse;
464 786 560 838 tamen
591 777 665 837 haec
692 778 759 839 talia
786 779 918 840 facinora
945 781 1061 860 impune
1087 783 1257 860 suscepisse
1289 800 1405 861 parum

215 888 359 966 habuere,
382 890 479 969 itaque
501 898 650 967 postremo
673 888 775 966 legas,
795 890 931 950 maiestas
953 901 1069 970 vostra,
1093 892 1188 952 divina
1211 901 1242 951 et
1263 892 1404 952 humana

216 1003 309 1062 omnia
330 999 461 1060 hostibus
482 1000 586 1060 tradita
608 1009 681 1059 sunt.
724 999 829 1078 Neque
849 1017 919 1078 cos,
950 1003 1053 1080 quiea
1079 1002 1196 1079 iecere,
1226 1001 1324 1080 pudet
1346 1013 1402 1063 aut
1415 1013 1440 1061 to

216 1115 362 1192 poenitet,
385 1110 438 1172 sed
459 1111 594 1172 incedunt
615 1128 669 1189 par
694 1129 745 1171 ora
770 1120 869 1171 vostra
889 1113 1053 1191 magnifici,
1084 1113 1249 1174 sacerdotia
1267 1122 1300 1172 et
1324 1133 1401 1174 eon·

217 1224 342 1300 suiatus,
367 1240 435 1302 pars
458 1221 618 1301 triumphos
641 1239 710 1280 suos
738 1230 934 1299 ostentantes,
965 1223 1086 1302 perinde
1108 1224 1190 1302 quasi
1212 1243 1247 1282 ea
1271 1224 1399 1299 honori,

128 1347 131 1352 '
217 1353 274 1395 non
297 1329 425 1412 praedae
452 1332 586 1392 habeant.
631 1332 716 1392 Servi
737 1349 806 1391 sere
830 1334 922 1413 parati
941 1334 1042 1394 iniusta
1061 1334 1182 1412 imperia
1202 1334 1435 1396 dominorumlt

217 1461 276 1504 non
299 1444 464 1522 parternum
486 1459 558 1518 vos,
583 1442 726 1518 Quirites,
748 1443 870 1521 imperio
893 1445 966 1521 nati,
988 1461 1084 1523 aequo
1102 1445 1197 1505 animo
1216 1446 1397 1506 servitutem

219 1554 360 1614 toleratis.
404 1553 444 1613 ht
466 1554 600 1632 quisunt
623 1553 658 1630 ii,
688 1553 737 1630 qui
764 1553 972 1632 rempublicam
994 1553 1201 1634 occupavere?
1245 1555 1397 1617 Homines
1410 1564 1438 1612 tr

218 1665 461 1742 sceleratissumi,
505 1664 631 1724 cruentis
665 1662 813 1741 manibus,
855 1665 968 1724 immani
1004 1666 1140 1743 avaritia,
1178 1667 1397 1726 nocentissumi

218 1777 362 1856 iidemque
385 1773 610 1855 superbissumi,
634 1774 698 1852 quis
720 1774 813 1856 tides,
829 1773 934 1852 decus,
958 1775 1068 1853 pietas,
1092 1785 1241 1855 postremo
1264 1775 1396 1835 honesta

218 1897 306 1968 atque
334 1887 487 1948 inhonesta
512 1885 606 1945 omnia
633 1885 765 1962 quaestui
788 1893 862 1942 sunt.
906 1884 977 1945 Pars
1003 1903 1102 1946 eorum
1126 1887 1273 1947 occidisse
1296 1887 1392 1946 trihu·
1409 1896 1436 1944 ιι

218 2016 272 2058 nos
293 1999 404 2078 plebis,
426 1998 474 2060 alii
496 1995 683 2074 quaestiones
702 1994 836 2072 iniustas,
858 1994 992 2074 plerique
1012 1996 1132 2056 caedem
1153 1998 1182 2055 in
1201 2012 1257 2056 vos
1278 1996 1394 2055 iecisse

218 2127 273 2188 pro
294 2112 467 2170 munimento
491 2105 607 2167 habent.
652 2103 694 2164 lta
717 2123 802 2182 qnam
825 2105 948 2184 quisque
970 2125 1106 2186 pessume
1132 2107 1218 2182 iecit,
1246 2114 1305 2164 tam
1328 2124 1390 2165 ma·
1406 2113 1434 2160 ιι

218 2239 303 2280 xume
325 2230 401 2281 tutus
423 2228 482 2287 ast;
516 2226 621 2276 metum
644 2232 660 2274 a
687 2214 803 2274 sceiere
831 2232 884 2276 suo
915 2216 951 2276 ad
972 2217 1115 2294 ignaviam
1144 2225 1270 2276 vostram
1293 2223 1392 2276 trans·

218 2330 329 2399 tutere;
360 2347 435 2408 quos
458 2328 550 2386 omnis
576 2325 676 2386 cadem
701 2343 824 2404 cupere,
859 2325 959 2412 eadem
984 2326 1096 2402 odisse,
1125 2325 1226 2385 eadem
1253 2332 1392 2384 metuere

218 2441 247 2498 in
269 2453 354 2512 unum
377 2437 486 2514 coegit.
531 2435 589 2496 Sed
612 2435 686 2496 haec
707 2438 781 2495 inter
804 2435 898 2495 bonos
921 2435 1060 2512 amicitia,
1083 2437 1157 2496 inter
1179 2435 1271 2496 maios
1293 2435 1391 2495 iaetio
1405 2439 1433 2488 15

253 2624 280 2674 8.
297 2622 394 2690 alaisa]
413 2625 541 2684 Passive;
556 2622 591 2674 ci.
607 2623 668 2674 Liv.
687 2623 724 2685 II,
740 2622 781 2684 17,
824 2627 851 2672 et
866 2637 940 2687 seqq.
957 2625 1082 2686 spectare
1098 2621 1133 2671 ad
1145 2621 1307 2672 Gracchana
1321 2626 1394 2672 tern-

186 2735 190 2744 ·
221 2703 246 2754 7.
265 2703 298 2764 V,
311 2702 354 2765 49,
373 2702 399 2753 3.
417 2701 550 2768 congruit
566 2701 678 2766 passiva
695 2700 781 2750 forma
824 2717 891 2764 pora
909 2702 937 2749 in
953 2704 1079 2765 promptu
1098 2704 1149 2750 cst.

219 2782 335 2846 minim?
352 2780 437 2833 verbi·
857 2795 958 2844 eaedem
980 2797 1006 2844 in
1023 2807 1067 2844 aas
1082 2791 1187 2859 secisse]
1214 2794 1232 2844 i.
1252 2809 1276 2842 e.
1300 2791 1390 2842 caede

254 2866 280 2918 9.
299 2863 374 2930 tolio]
393 2864 411 2916 i.
426 2867 450 2916 θ’.
469 2871 526 2915 tam
539 2861 726 2921 detestabilia;
742 2859 777 2912 ci.
822 2874 850 2922 in
867 2888 916 2922 vos
934 2877 1075 2938 grassatos
1093 2888 1162 2922 ese,

219 2943 281 3036 ω’,
299 2944 347 3036 {V'l’
368 2943 410 2992 Π·
574 3021 579 3032 ,
856 2979 905 3028 pro
926 2969 1069 3017 munimento
1091 2962 1194 3030 hahent]
1226 2966 1244 3015 i.
1266 2979 1290 3014 c.
1315 2965 1394 3027 parti

254 3024 376 3072 ‘mmm
391 3021 498 3070 humana
515 3015 605 3093 ma]
626 3034 654 3068 V·
669 3016 703 3066 ad
718 3015 777 3065 ω’
826 3071 859 3082 -·
877 3047 1036 3097 munimenti
1060 3047 1149 3096 instar
1167 3048 1222 3106 est,
1251 3045 1323 3093 sive:
1344 3042 1393 3092 his

222 3098 268 3162 12,
287 3102 319 3192 ²⁶.
457 3176 462 3186 Ι
534 3173 541 3184 ,
824 3124 904 3174 rebus
925 3129 1055 3190 tanquam
1078 3123 1245 3172 munimento
1264 3123 1393 3172 utuntur.

254 3177 365 3228 hastatus
392 3171 500 3238 traduto]
533 3189 552 3224 1.
582 3187 605 3222 e.
633 3167 782 3236 Iugurthae
862 3218 903 3268 14.
921 3235 993 3284 quam
1009 3249 1045 3258 .-
1063 3215 1122 3283 tam]
1143 3217 1198 3266 Par
1211 3213 1253 3263 his
1270 3217 1393 3279 particu-

219 3254 341 3350 profhta'
362 3253 501 3352 Yendlta'.
548 3332 563 3381 h
632 3334 637 3345 .
664 3333 675 3379 t
728 3330 734 3343 .
823 3292 857 3344 lis
883 3296 984 3360 gradus
1014 3309 1177 3344 summorum
1201 3290 1332 3343 scelerum
1356 3309 1392 3342 aa

254 3341 295 3390 Η·
310 3338 541 3401 mmmm
565 3346 662 3381 omme
677 3328 712 3395 θ’]
726 3347 780 3383 ¹'e'
824 3374 958 3422 maximae
990 3365 1164 3434 securitatis}
1200 3369 1390 3435 qualecunque
1474 3393 1475 3439 3

219 3415 330 3480 perinde
346 3413 424 3479 quasi
442 3426 475 3460 aa
493 3411 533 3460 sic
550 3408 684 3468 habeant,
703 3411 734 3455 ut
747 3407 781 3455 iis
961 3461 963 3464 ¹
1115 3451 1121 3462 ,
1231 3464 1237 3476 Ι
1317 3447 1323 3460 ,

218 3491 323 3552 honori,
337 3473 394 3540 bon
411 3486 527 3554 praedae
546 3485 610 3534 sint.
638 3483 781 3534 Concinni-
825 3456 977 3579 uqtrffiqssssu
988 3451 1252 3588 θὲἶὲῒάθῖἰῖἒέῗυέἂ
1262 3447 1298 3498 cf·
1315 3448 1391 3499 msa

220 3568 287 3619 tatis
307 3581 405 3616 caussa
424 3569 514 3614 antem
532 3562 648 3624 praedae
665 3561 780 3611 hahere
825 3531 839 3591 ξ
1006 3607 1010 3614 ,
1200 3610 1206 3623 1
1474 3597 1475 3602 ,

858 3621 945 3663 metam
962 3638 998 3648 -·
1016 3608 1179 3675 transtulere]
1198 3628 1217 3662 1.
1233 3626 1257 3660 e.
1275 3612 1388 3666 metam,

220 3645 339 3713 positum
357 3657 405 3708 pro
421 3641 536 3705 praedae
553 3653 634 3696 esse:
651 3639 692 3687 ite
710 3639 779 3688 enim

220 3723 333 3787 dicitnr,
352 3720 530 3788 quodcunque
545 3716 589 3766 vel
601 3717 715 3782 rapitur,
736 3715 780 3766 val
822 3705 902 3754 quem
927 3689 980 3754 ῙΡεἰ
1002 3688 1102 3739 habem
1124 3687 1258 3738 d⁸b⁰b³nt
1276 3691 1389 3751 P¹⁰Pter

218 3803 457 3867 ,aptumqeneqm
476 3797 512 3848 ef·
530 3793 681 3861 Iugnssqqq
698 3793 777 3857 903·
824 3766 932 3816 scelera·
956 3780 1020 3829 sna,
1046 3765 1198 3815 iniecerunt
1219 3764 1312 3827 vobis,
1340 3762 1387 3828 qui

254 3887 296 3938 12,
314 3883 449 3950 mtrem]
475 3899 502 3932 v·
521 3881 557 3932 ad
577 3879 636 3930 cat·
657 3879 697 3941 14,
717 3875 743 3926 3ι
824 3843 936 3910 ignavia
954 3842 1001 3894 illa
1019 3859 1074 3893 non
1089 3843 1261 3894 vindicastis.

252 3971 357 4021 honesta
375 3977 451 4034 atque
469 3967 600 4018 inhonesto
622 3962 689 4028 etc]
719 3963 737 4014 i.
755 3977 780 4014 a.
858 3939 900 3991 ¹5⁹
918 3934 1009 4001 fami]
1030 3953 1057 3987 V·
1077 3936 1113 3985 ad
1128 3935 1189 4001 1¹13·
1209 3934 1272 3998 8,1.
1344 3927 1348 3934 Ι

219 4049 265 4112 qni
277 4063 364 4118 neque
375 4045 526 4096 inhonestis
539 4045 669 4108 quaestus
682 4053 781 4089 caussa
860 4023 903 4074 1⁶·
920 4019 1076 4086 vastantur]
1095 4032 1122 4071 V·
1142 4019 1177 4069 dd
1195 4019 1256 4069 Cai-
1274 4015 1316 4078 15,
1331 4019 1358 4068 4·

219 4127 372 4188 abstinent,
398 4128 426 4175 et
448 4123 564 4174 honesta
590 4134 698 4185 quoquc
726 4131 780 4167 nou
858 4105 989 4172 beneficia]
1016 4107 1036 4158 i.
1057 4105 1213 4156 ebencres
1232 4109 1385 4154 etmnnara

219 4191 255 4251 sd
271 4203 413 4264 virtutem,
432 4202 480 4252 sed
498 4200 534 4250 ad
552 4201 694 4264 quaestum
712 4195 781 4246 reie-
824 4184 917 4252 populi
941 4184 1031 4234 favori
1060 4188 1087 4232 et
1112 4180 1321 4232 benevolentiae
1343 4179 1385 4229 de·

219 4283 296 4336 runa
315 4277 351 4326 ei.
370 4277 431 4327 Cat.
451 4277 494 4337 30,
512 4276 539 4325 4.
825 4264 903 4321 bita;
921 4261 958 4311 ci.
978 4261 1038 4325 lug.
1055 4260 1098 4321 85,
1118 4258 1143 4310 3.
1162 4259 1188 4308 8.
1209 4258 1252 4308 26.

257 4351 298 4402 13.
322 4353 443 4401 occidisse
460 4344 680 4411 tribunusplebis]
706 4347 783 4396 Haec
864 4347 905 4396 17.
924 4345 962 4394 bis
974 4358 1022 4406 per
1038 4338 1283 4422 scemmenstete]
1310 4341 1386 4392 Prior
