<?xml version="1.0" encoding="UTF-8"?>
<!DOCTYPE html PUBLIC "-//W3C//DTD XHTML 1.0 Transitional//EN"
    "http://www.w3.org/TR/xhtml1/DTD/xhtml1-transitional.dtd">
<html xmlns="http://www.w3.org/1999/xhtml" xml:lang="en" lang="en">
 <head>
  <title>
</title>
<meta http-equiv="Content-Type" content="text/html;charset=utf-8" />
  <meta name='ocr-system' content='tesseract 3.04.00' />
  <meta name='ocr-capabilities' content='ocr_page ocr_carea ocr_par ocr_line ocrx_word'/>
</head>
<body>
  <div class='ocr_page' id='page_1' title='image "./catilinaiugurth01sallgoog_0156.png"; bbox 0 0 3024 4852; ppageno 0'>
   <div class='ocr_carea' id='block_1_1' title="bbox 504 301 1317 364">
    <p class='ocr_par' dir='ltr' id='par_1_1' title="bbox 504 301 1317 364">
     <span class='ocr_line' id='line_1_1' title="bbox 504 301 1317 364; baseline 0.004 -5"><span class='ocrx_word' id='word_1_1' title='bbox 504 309 698 360; x_wconf 80' lang='lat' dir='ltr'><strong>ruaunrun.</strong></span> <span class='ocrx_word' id='word_1_2' title='bbox 728 309 758 359; x_wconf 73' lang='lat' dir='ltr'><strong>o,</strong></span> <span class='ocrx_word' id='word_1_3' title='bbox 782 311 859 358; x_wconf 80' lang='lat' dir='ltr'><strong>xus.</strong></span> <span class='ocrx_word' id='word_1_4' title='bbox 883 312 954 358; x_wconf 90' lang='lat' dir='ltr'><strong>x1v.</strong></span> <span class='ocrx_word' id='word_1_5' title='bbox 1258 301 1317 364; x_wconf 87' lang='lat'><strong>137</strong></span> 
     </span>
    </p>
   </div>
   <div class='ocr_carea' id='block_1_2' title="bbox 10 463 1316 550">
    <p class='ocr_par' dir='ltr' id='par_1_2' title="bbox 10 463 1316 550">
     <span class='ocr_line' id='line_1_2' title="bbox 10 463 1316 550; baseline 0.002 -22"><span class='ocrx_word' id='word_1_6' title='bbox 10 493 12 528; x_wconf 70' lang='lat' dir='ltr'><strong>r</strong></span> <span class='ocrx_word' id='word_1_7' title='bbox 117 471 271 550; x_wconf 82' lang='lat' dir='ltr'><strong>opacunia</strong></span> <span class='ocrx_word' id='word_1_8' title='bbox 298 487 349 530; x_wconf 89' lang='lat' dir='ltr'><strong>sua</strong></span> <span class='ocrx_word' id='word_1_9' title='bbox 377 485 460 547; x_wconf 89' lang='lat' dir='ltr'><strong>spem</strong></span> <span class='ocrx_word' id='word_1_10' title='bbox 487 463 607 528; x_wconf 88' lang='lat' dir='ltr'><strong>babere.</strong></span> <span class='ocrx_word' id='word_1_11' title='bbox 650 466 753 548; x_wconf 85' lang='lat' dir='ltr'><strong>ltaque</strong></span> <span class='ocrx_word' id='word_1_12' title='bbox 775 469 878 549; x_wconf 84' lang='lat' dir='ltr'><strong>paucis</strong></span> <span class='ocrx_word' id='word_1_13' title='bbox 903 468 1005 530; x_wconf 85' lang='lat' dir='ltr'><strong>dicbus</strong></span> <span class='ocrx_word' id='word_1_14' title='bbox 1035 489 1193 533; x_wconf 88' lang='lat' dir='ltr'><strong>cumauro</strong></span> <span class='ocrx_word' id='word_1_15' title='bbox 1222 481 1251 532; x_wconf 89' lang='lat' dir='ltr'><strong>et</strong></span> <span class='ocrx_word' id='word_1_16' title='bbox 1273 490 1316 532; x_wconf 94' lang='lat' dir='ltr'><strong>ar·</strong></span> 
     </span>
    </p>
   </div>
   <div class='ocr_carea' id='block_1_3' title="bbox 47 579 1327 2430">
    <p class='ocr_par' dir='ltr' id='par_1_3' title="bbox 147 579 1316 661">
     <span class='ocr_line' id='line_1_3' title="bbox 147 579 1316 661; baseline 0.001 -19"><span class='ocrx_word' id='word_1_17' title='bbox 147 591 237 661; x_wconf 90' lang='lat' dir='ltr'><strong>gento</strong></span> <span class='ocrx_word' id='word_1_18' title='bbox 257 580 346 641; x_wconf 88' lang='lat' dir='ltr'><strong>multo</strong></span> <span class='ocrx_word' id='word_1_19' title='bbox 365 580 481 657; x_wconf 89' lang='lat' dir='ltr'><strong>legatos</strong></span> <span class='ocrx_word' id='word_1_20' title='bbox 498 579 619 640; x_wconf 86' lang='lat' dir='ltr'><strong>Romam</strong></span> <span class='ocrx_word' id='word_1_21' title='bbox 636 581 733 656; x_wconf 91' lang='lat' dir='ltr'><strong>mittit,</strong></span> <span class='ocrx_word' id='word_1_22' title='bbox 758 582 821 660; x_wconf 87' lang='lat' dir='ltr'><strong>quis</strong></span> <span class='ocrx_word' id='word_1_23' title='bbox 844 581 1012 660; x_wconf 87' lang='lat' dir='ltr'><strong>praecepit,</strong></span> <span class='ocrx_word' id='word_1_24' title='bbox 1037 582 1157 660; x_wconf 88' lang='lat' dir='ltr'><strong>primum</strong></span> <span class='ocrx_word' id='word_1_25' title='bbox 1176 583 1216 642; x_wconf 91' lang='lat' dir='ltr'><strong>uti</strong></span> <span class='ocrx_word' id='word_1_26' title='bbox 1237 591 1316 643; x_wconf 86' lang='lat' dir='ltr'><strong>vete-</strong></span> 
     </span>
    </p>

    <p class='ocr_par' dir='ltr' id='par_1_4' title="bbox 118 689 1317 883">
     <span class='ocr_line' id='line_1_4' title="bbox 146 689 1317 772; baseline 0 -18"><span class='ocrx_word' id='word_1_27' title='bbox 146 711 196 754; x_wconf 87' lang='lat' dir='ltr'><strong>res</strong></span> <span class='ocrx_word' id='word_1_28' title='bbox 218 693 328 754; x_wconf 87' lang='lat' dir='ltr'><strong>amicos</strong></span> <span class='ocrx_word' id='word_1_29' title='bbox 351 689 516 751; x_wconf 90' lang='lat' dir='ltr'><strong>muneribus</strong></span> <span class='ocrx_word' id='word_1_30' title='bbox 540 689 693 769; x_wconf 79' lang='lat' dir='ltr'>expleant,</span> <span class='ocrx_word' id='word_1_31' title='bbox 721 689 826 750; x_wconf 87' lang='lat' dir='ltr'><strong>deinde</strong></span> <span class='ocrx_word' id='word_1_32' title='bbox 848 707 942 751; x_wconf 90' lang='lat' dir='ltr'><strong>novos</strong></span> <span class='ocrx_word' id='word_1_33' title='bbox 971 692 1136 770; x_wconf 72' lang='lat' dir='ltr'><strong>acquirant,</strong></span> <span class='ocrx_word' id='word_1_34' title='bbox 1167 702 1317 772; x_wconf 87' lang='lat' dir='ltr'><strong>postremo</strong></span> 
     </span>
     <span class='ocr_line' id='line_1_5' title="bbox 118 798 1316 883; baseline 0.001 -19"><span class='ocrx_word' id='word_1_35' title='bbox 118 815 338 883; x_wconf 80' lang='lat' dir='ltr'><strong>tquaecunque</strong></span> <span class='ocrx_word' id='word_1_36' title='bbox 361 801 474 882; x_wconf 90' lang='lat' dir='ltr'><strong>possint</strong></span> <span class='ocrx_word' id='word_1_37' title='bbox 497 798 650 878; x_wconf 82' lang='lat' dir='ltr'><strong>largiundo</strong></span> <span class='ocrx_word' id='word_1_38' title='bbox 673 819 779 880; x_wconf 87' lang='lat' dir='ltr'><strong>parare</strong></span> <span class='ocrx_word' id='word_1_39' title='bbox 809 821 846 862; x_wconf 90' lang='lat' dir='ltr'><strong>ne</strong></span> <span class='ocrx_word' id='word_1_40' title='bbox 877 809 1057 862; x_wconf 78' lang='lat' dir='ltr'><strong>annotantur.</strong></span> <span class='ocrx_word' id='word_1_41' title='bbox 1102 803 1161 862; x_wconf 87' lang='lat' dir='ltr'><strong>Sed</strong></span> <span class='ocrx_word' id='word_1_42' title='bbox 1188 803 1236 863; x_wconf 91' lang='lat' dir='ltr'><strong>ubi</strong></span> <span class='ocrx_word' id='word_1_43' title='bbox 1257 805 1316 865; x_wconf 85' lang='lat' dir='ltr'><strong>llo-</strong></span> 
     </span>
    </p>

    <p class='ocr_par' dir='ltr' id='par_1_5' title="bbox 145 909 1316 993">
     <span class='ocr_line' id='line_1_6' title="bbox 145 909 1316 993; baseline 0 -19"><span class='ocrx_word' id='word_1_44' title='bbox 145 933 218 974; x_wconf 88' lang='lat' dir='ltr'><strong>mam</strong></span> <span class='ocrx_word' id='word_1_45' title='bbox 241 913 331 991; x_wconf 87' lang='lat' dir='ltr'><strong>legati</strong></span> <span class='ocrx_word' id='word_1_46' title='bbox 353 929 464 973; x_wconf 85' lang='lat' dir='ltr'><strong>venere</strong></span> <span class='ocrx_word' id='word_1_47' title='bbox 487 919 516 970; x_wconf 95' lang='lat' dir='ltr'><strong>et</strong></span> <span class='ocrx_word' id='word_1_48' title='bbox 544 929 582 972; x_wconf 82' lang='lat' dir='ltr'><strong>cx</strong></span> <span class='ocrx_word' id='word_1_49' title='bbox 604 922 766 992; x_wconf 87' lang='lat' dir='ltr'><strong>praecepto</strong></span> <span class='ocrx_word' id='word_1_50' title='bbox 789 915 870 991; x_wconf 91' lang='lat' dir='ltr'><strong>regis</strong></span> <span class='ocrx_word' id='word_1_51' title='bbox 893 909 1057 990; x_wconf 76' lang='lat' dir='ltr'><strong>hospitibus</strong></span> <span class='ocrx_word' id='word_1_52' title='bbox 1079 912 1218 993; x_wconf 84' lang='lat' dir='ltr'><strong>aliisque,</strong></span> <span class='ocrx_word' id='word_1_53' title='bbox 1246 933 1316 993; x_wconf 90' lang='lat' dir='ltr'><strong>quo·</strong></span> 
     </span>
    </p>

    <p class='ocr_par' dir='ltr' id='par_1_6' title="bbox 144 1022 1317 1102">
     <span class='ocr_line' id='line_1_7' title="bbox 144 1022 1317 1102; baseline -0.001 -17"><span class='ocrx_word' id='word_1_54' title='bbox 144 1043 205 1086; x_wconf 92' lang='lat' dir='ltr'><strong>rum</strong></span> <span class='ocrx_word' id='word_1_55' title='bbox 236 1042 271 1084; x_wconf 93' lang='lat' dir='ltr'><strong>ea</strong></span> <span class='ocrx_word' id='word_1_56' title='bbox 306 1031 491 1102; x_wconf 89' lang='lat' dir='ltr'><strong>tempestate·</strong></span> <span class='ocrx_word' id='word_1_57' title='bbox 509 1023 538 1081; x_wconf 94' lang='lat' dir='ltr'><strong>in</strong></span> <span class='ocrx_word' id='word_1_58' title='bbox 571 1031 672 1083; x_wconf 92' lang='lat' dir='ltr'><strong>senatu</strong></span> <span class='ocrx_word' id='word_1_59' title='bbox 701 1024 861 1084; x_wconf 91' lang='lat' dir='ltr'><strong>auctoritas</strong></span> <span class='ocrx_word' id='word_1_60' title='bbox 889 1022 1037 1102; x_wconf 86' lang='lat' dir='ltr'><strong>pollebat,</strong></span> <span class='ocrx_word' id='word_1_61' title='bbox 1068 1042 1173 1101; x_wconf 89' lang='lat' dir='ltr'><strong>magna</strong></span> <span class='ocrx_word' id='word_1_62' title='bbox 1200 1031 1317 1084; x_wconf 87' lang='lat' dir='ltr'><strong>munera</strong></span> 
     </span>
    </p>

    <p class='ocr_par' dir='ltr' id='par_1_7' title="bbox 117 1132 1317 1326">
     <span class='ocr_line' id='line_1_8' title="bbox 144 1132 1317 1212; baseline 0.002 -18"><span class='ocrx_word' id='word_1_63' title='bbox 144 1135 268 1211; x_wconf 87' lang='lat' dir='ltr'><strong>misere,</strong></span> <span class='ocrx_word' id='word_1_64' title='bbox 291 1143 370 1195; x_wconf 87' lang='lat' dir='ltr'><strong>tanta</strong></span> <span class='ocrx_word' id='word_1_65' title='bbox 394 1133 578 1193; x_wconf 90' lang='lat' dir='ltr'><strong>commutatio</strong></span> <span class='ocrx_word' id='word_1_66' title='bbox 602 1133 740 1211; x_wconf 88' lang='lat' dir='ltr'><strong>incessit,</strong></span> <span class='ocrx_word' id='word_1_67' title='bbox 765 1143 796 1192; x_wconf 91' lang='lat' dir='ltr'><strong>ut</strong></span> <span class='ocrx_word' id='word_1_68' title='bbox 814 1151 852 1192; x_wconf 89' lang='lat' dir='ltr'><strong>ex</strong></span> <span class='ocrx_word' id='word_1_69' title='bbox 869 1150 1000 1194; x_wconf 85' lang='lat' dir='ltr'><strong>maxuma</strong></span> <span class='ocrx_word' id='word_1_70' title='bbox 1021 1132 1127 1194; x_wconf 82' lang='lat' dir='ltr'><strong>invidia</strong></span> <span class='ocrx_word' id='word_1_71' title='bbox 1146 1135 1174 1193; x_wconf 93' lang='lat' dir='ltr'><strong>in</strong></span> <span class='ocrx_word' id='word_1_72' title='bbox 1195 1135 1317 1212; x_wconf 88' lang='lat' dir='ltr'><strong>gratiam</strong></span> 
     </span>
     <span class='ocr_line' id='line_1_9' title="bbox 117 1242 1316 1326; baseline 0.002 -20"><span class='ocrx_word' id='word_1_73' title='bbox 117 1254 176 1306; x_wconf 80' lang='lat' dir='ltr'><strong>Set</strong></span> <span class='ocrx_word' id='word_1_74' title='bbox 193 1246 327 1307; x_wconf 86' lang='lat' dir='ltr'><strong>favorem</strong></span> <span class='ocrx_word' id='word_1_75' title='bbox 349 1243 507 1304; x_wconf 87' lang='lat' dir='ltr'><strong>nobilitatis</strong></span> <span class='ocrx_word' id='word_1_76' title='bbox 528 1242 666 1320; x_wconf 87' lang='lat' dir='ltr'><strong>lugurtba</strong></span> <span class='ocrx_word' id='word_1_77' title='bbox 688 1243 815 1313; x_wconf 86' lang='lat' dir='ltr'><strong>veniret;</strong></span> <span class='ocrx_word' id='word_1_78' title='bbox 837 1261 958 1323; x_wconf 90' lang='lat' dir='ltr'><strong>quorum</strong></span> <span class='ocrx_word' id='word_1_79' title='bbox 977 1261 1046 1326; x_wconf 89' lang='lat' dir='ltr'><strong>pars</strong></span> <span class='ocrx_word' id='word_1_80' title='bbox 1066 1263 1135 1324; x_wconf 89' lang='lat' dir='ltr'><strong>spe,</strong></span> <span class='ocrx_word' id='word_1_81' title='bbox 1162 1244 1210 1306; x_wconf 90' lang='lat' dir='ltr'><strong>alii</strong></span> <span class='ocrx_word' id='word_1_82' title='bbox 1233 1263 1316 1324; x_wconf 87' lang='lat' dir='ltr'><strong>prac-</strong></span> 
     </span>
    </p>

    <p class='ocr_par' dir='ltr' id='par_1_8' title="bbox 47 1351 1327 1766">
     <span class='ocr_line' id='line_1_10' title="bbox 146 1351 1317 1438; baseline 0.002 -23"><span class='ocrx_word' id='word_1_83' title='bbox 146 1357 203 1415; x_wconf 90' lang='lat' dir='ltr'><strong>mio</strong></span> <span class='ocrx_word' id='word_1_84' title='bbox 226 1354 334 1415; x_wconf 89' lang='lat' dir='ltr'><strong>inducti</strong></span> <span class='ocrx_word' id='word_1_85' title='bbox 363 1353 496 1431; x_wconf 91' lang='lat' dir='ltr'><strong>singulos</strong></span> <span class='ocrx_word' id='word_1_86' title='bbox 519 1363 682 1414; x_wconf 87' lang='lat' dir='ltr'><strong>exsenatu</strong></span> <span class='ocrx_word' id='word_1_87' title='bbox 711 1351 864 1438; x_wconf 78' lang='lat' dir='ltr'><strong>ambiundo</strong></span> <span class='ocrx_word' id='word_1_88' title='bbox 887 1355 1064 1433; x_wconf 82' lang='lat' dir='ltr'><strong>nitebantur,</strong></span> <span class='ocrx_word' id='word_1_89' title='bbox 1095 1375 1132 1416; x_wconf 89' lang='lat' dir='ltr'><strong>nc</strong></span> <span class='ocrx_word' id='word_1_90' title='bbox 1150 1358 1269 1434; x_wconf 88' lang='lat' dir='ltr'><strong>gravius</strong></span> <span class='ocrx_word' id='word_1_91' title='bbox 1288 1359 1317 1417; x_wconf 90' lang='lat' dir='ltr'><strong>in</strong></span> 
     </span>
     <span class='ocr_line' id='line_1_11' title="bbox 47 1441 1327 1556; baseline 0.001 -30"><span class='ocrx_word' id='word_1_92' title='bbox 47 1521 50 1526; x_wconf 91' lang='lat'><strong>.</strong></span> <span class='ocrx_word' id='word_1_93' title='bbox 117 1481 213 1532; x_wconf 81' lang='lat' dir='ltr'><strong>ocum</strong></span> <span class='ocrx_word' id='word_1_94' title='bbox 242 1465 453 1525; x_wconf 77' lang='lat' dir='ltr'><strong>consuleretur.</strong></span> <span class='ocrx_word' id='word_1_95' title='bbox 497 1463 588 1542; x_wconf 83' lang='lat' dir='ltr'><strong>Igitur</strong></span> <span class='ocrx_word' id='word_1_96' title='bbox 611 1464 658 1525; x_wconf 95' lang='lat' dir='ltr'><strong>ubi</strong></span> <span class='ocrx_word' id='word_1_97' title='bbox 685 1464 775 1542; x_wconf 86' lang='lat' dir='ltr'><strong>legati</strong></span> <span class='ocrx_word' id='word_1_98' title='bbox 801 1465 871 1525; x_wconf 87' lang='lat' dir='ltr'><strong>satis</strong></span> <span class='ocrx_word' id='word_1_99' title='bbox 896 1465 1057 1544; x_wconf 90' lang='lat' dir='ltr'><strong>conlidunt,</strong></span> <span class='ocrx_word' id='word_1_100' title='bbox 1086 1466 1132 1528; x_wconf 87' lang='lat' dir='ltr'><strong>die</strong></span> <span class='ocrx_word' id='word_1_101' title='bbox 1161 1441 1327 1556; x_wconf 67' lang='lat' dir='ltr'><strong>constituto</strong></span> 
     </span>
     <span class='ocr_line' id='line_1_12' title="bbox 147 1573 1317 1656; baseline 0.002 -20"><span class='ocrx_word' id='word_1_102' title='bbox 147 1585 266 1636; x_wconf 83' lang='lat' dir='ltr'><strong>senatus</strong></span> <span class='ocrx_word' id='word_1_103' title='bbox 295 1575 424 1656; x_wconf 91' lang='lat' dir='ltr'><strong>utrisque</strong></span> <span class='ocrx_word' id='word_1_104' title='bbox 453 1578 544 1638; x_wconf 87' lang='lat' dir='ltr'><strong>datur.</strong></span> <span class='ocrx_word' id='word_1_105' title='bbox 595 1575 667 1636; x_wconf 85' lang='lat' dir='ltr'><strong>Tum</strong></span> <span class='ocrx_word' id='word_1_106' title='bbox 686 1573 884 1650; x_wconf 77' lang='lat' dir='ltr'><strong>Adherbalem</strong></span> <span class='ocrx_word' id='word_1_107' title='bbox 911 1577 969 1640; x_wconf 88' lang='lat' dir='ltr'><strong>boo</strong></span> <span class='ocrx_word' id='word_1_108' title='bbox 996 1578 1083 1640; x_wconf 93' lang='lat' dir='ltr'><strong>modo</strong></span> <span class='ocrx_word' id='word_1_109' title='bbox 1113 1579 1240 1640; x_wconf 88' lang='lat' dir='ltr'><strong>locutum</strong></span> <span class='ocrx_word' id='word_1_110' title='bbox 1270 1597 1317 1641; x_wconf 92' lang='lat' dir='ltr'><strong>ac·</strong></span> 
     </span>
     <span class='ocr_line' id='line_1_13' title="bbox 147 1688 565 1766; baseline 0.014 -20"><span class='ocrx_word' id='word_1_111' title='bbox 147 1688 294 1766; x_wconf 89' lang='lat' dir='ltr'><strong>cepimus:</strong></span> <span class='ocrx_word' id='word_1_112' title='bbox 563 1692 565 1696; x_wconf 81' lang='grc'><strong>’</strong></span> 
     </span>
    </p>

    <p class='ocr_par' dir='ltr' id='par_1_9' title="bbox 144 1769 1317 2430">
     <span class='ocr_line' id='line_1_14' title="bbox 229 1769 1317 1877; baseline 0.001 -19"><span class='ocrx_word' id='word_1_113' title='bbox 229 1795 308 1860; x_wconf 89' lang='lat' dir='ltr'>XIV.</span> <span class='ocrx_word' id='word_1_114' title='bbox 353 1797 454 1858; x_wconf 88' lang='lat' dir='ltr'><strong>Patres</strong></span> <span class='ocrx_word' id='word_1_115' title='bbox 485 1797 653 1876; x_wconf 83' lang='lat' dir='ltr'><strong>conscripti.</strong></span> <span class='ocrx_word' id='word_1_116' title='bbox 705 1796 828 1873; x_wconf 85' lang='lat' dir='ltr'><strong>Micipsa</strong></span> <span class='ocrx_word' id='word_1_117' title='bbox 858 1806 942 1877; x_wconf 87' lang='lat' dir='ltr'><strong>pater</strong></span> <span class='ocrx_word' id='word_1_118' title='bbox 975 1769 1056 1857; x_wconf 84' lang='lat' dir='ltr'><strong>meus</strong></span> <span class='ocrx_word' id='word_1_119' title='bbox 1087 1799 1214 1860; x_wconf 90' lang='lat' dir='ltr'><strong>moriens</strong></span> <span class='ocrx_word' id='word_1_120' title='bbox 1248 1799 1317 1860; x_wconf 90' lang='lat' dir='ltr'><strong>mibi</strong></span> 
     </span>
     <span class='ocr_line' id='line_1_15' title="bbox 144 1904 1316 1989; baseline 0.002 -20"><span class='ocrx_word' id='word_1_121' title='bbox 144 1911 314 1989; x_wconf 87' lang='lat' dir='ltr'><strong>praecepit,</strong></span> <span class='ocrx_word' id='word_1_122' title='bbox 343 1910 383 1968; x_wconf 93' lang='lat' dir='ltr'><strong>nti</strong></span> <span class='ocrx_word' id='word_1_123' title='bbox 409 1910 494 1987; x_wconf 90' lang='lat' dir='ltr'><strong>regni</strong></span> <span class='ocrx_word' id='word_1_124' title='bbox 515 1908 667 1969; x_wconf 85' lang='lat' dir='ltr'><strong>Numidiae</strong></span> <span class='ocrx_word' id='word_1_125' title='bbox 689 1904 883 1968; x_wconf 90' lang='lat' dir='ltr'><strong>tantummodo</strong></span> <span class='ocrx_word' id='word_1_126' title='bbox 908 1907 1142 1985; x_wconf 85' lang='lat' dir='ltr'><strong>procurationem</strong></span> <span class='ocrx_word' id='word_1_127' title='bbox 1163 1911 1316 1971; x_wconf 85' lang='lat' dir='ltr'><strong>existuma-</strong></span> 
     </span>
     <span class='ocr_line' id='line_1_16' title="bbox 145 2018 1317 2098; baseline 0.002 -18"><span class='ocrx_word' id='word_1_128' title='bbox 145 2038 207 2080; x_wconf 85' lang='lat' dir='ltr'><strong>rem</strong></span> <span class='ocrx_word' id='word_1_129' title='bbox 234 2037 343 2098; x_wconf 89' lang='lat' dir='ltr'><strong>meam,</strong></span> <span class='ocrx_word' id='word_1_130' title='bbox 374 2029 503 2080; x_wconf 87' lang='lat' dir='ltr'><strong>ceterum</strong></span> <span class='ocrx_word' id='word_1_131' title='bbox 525 2021 569 2080; x_wconf 90' lang='lat' dir='ltr'><strong>ius</strong></span> <span class='ocrx_word' id='word_1_132' title='bbox 597 2027 626 2078; x_wconf 90' lang='lat' dir='ltr'><strong>et</strong></span> <span class='ocrx_word' id='word_1_133' title='bbox 651 2018 802 2098; x_wconf 90' lang='lat' dir='ltr'><strong>imperinm</strong></span> <span class='ocrx_word' id='word_1_134' title='bbox 830 2018 892 2076; x_wconf 90' lang='lat' dir='ltr'><strong>eius</strong></span> <span class='ocrx_word' id='word_1_135' title='bbox 920 2034 1014 2096; x_wconf 89' lang='lat' dir='ltr'><strong>penes</strong></span> <span class='ocrx_word' id='word_1_136' title='bbox 1037 2035 1092 2078; x_wconf 86' lang='lat' dir='ltr'><strong>vos</strong></span> <span class='ocrx_word' id='word_1_137' title='bbox 1122 2039 1204 2091; x_wconf 85' lang='lat' dir='ltr'><strong>essc;</strong></span> <span class='ocrx_word' id='word_1_138' title='bbox 1234 2022 1317 2083; x_wconf 92' lang='lat' dir='ltr'><strong>simul</strong></span> 
     </span>
     <span class='ocr_line' id='line_1_17' title="bbox 146 2129 1315 2212; baseline 0.004 -23"><span class='ocrx_word' id='word_1_139' title='bbox 146 2131 275 2192; x_wconf 89' lang='lat' dir='ltr'><strong>eniterer</strong></span> <span class='ocrx_word' id='word_1_140' title='bbox 291 2131 367 2192; x_wconf 87' lang='lat' dir='ltr'><strong>domi</strong></span> <span class='ocrx_word' id='word_1_141' title='bbox 389 2131 566 2210; x_wconf 87' lang='lat' dir='ltr'><strong>militiaeque</strong></span> <span class='ocrx_word' id='word_1_142' title='bbox 594 2148 678 2209; x_wconf 91' lang='lat' dir='ltr'><strong>quam</strong></span> <span class='ocrx_word' id='word_1_143' title='bbox 698 2145 831 2188; x_wconf 83' lang='lat' dir='ltr'><strong>maxumo</strong></span> <span class='ocrx_word' id='word_1_144' title='bbox 854 2129 916 2187; x_wconf 89' lang='lat' dir='ltr'><strong>usui</strong></span> <span class='ocrx_word' id='word_1_145' title='bbox 948 2145 1015 2188; x_wconf 89' lang='lat' dir='ltr'><strong>esse</strong></span> <span class='ocrx_word' id='word_1_146' title='bbox 1038 2130 1149 2209; x_wconf 89' lang='lat' dir='ltr'><strong>populo</strong></span> <span class='ocrx_word' id='word_1_147' title='bbox 1171 2133 1315 2212; x_wconf 86' lang='lat' dir='ltr'><strong>Romano,</strong></span> 
     </span>
     <span class='ocr_line' id='line_1_18' title="bbox 145 2238 1315 2322; baseline 0.003 -22"><span class='ocrx_word' id='word_1_148' title='bbox 145 2259 200 2301; x_wconf 87' lang='lat' dir='ltr'><strong>vos</strong></span> <span class='ocrx_word' id='word_1_149' title='bbox 221 2242 292 2303; x_wconf 91' lang='lat' dir='ltr'><strong>mibi</strong></span> <span class='ocrx_word' id='word_1_150' title='bbox 313 2251 521 2320; x_wconf 90' lang='lat' dir='ltr'><strong>cognatorum,</strong></span> <span class='ocrx_word' id='word_1_151' title='bbox 553 2259 608 2302; x_wconf 93' lang='lat' dir='ltr'><strong>vos</strong></span> <span class='ocrx_word' id='word_1_152' title='bbox 630 2240 757 2301; x_wconf 87' lang='lat' dir='ltr'><strong>allmium</strong></span> <span class='ocrx_word' id='word_1_153' title='bbox 784 2238 853 2299; x_wconf 97' lang='lat' dir='ltr'><strong>loco</strong></span> <span class='ocrx_word' id='word_1_154' title='bbox 878 2238 1031 2309; x_wconf 87' lang='lat' dir='ltr'><strong>ducerem;</strong></span> <span class='ocrx_word' id='word_1_155' title='bbox 1059 2241 1084 2300; x_wconf 91' lang='lat' dir='ltr'><strong>si</strong></span> <span class='ocrx_word' id='word_1_156' title='bbox 1111 2261 1146 2303; x_wconf 92' lang='lat' dir='ltr'><strong>ea</strong></span> <span class='ocrx_word' id='word_1_157' title='bbox 1167 2243 1315 2322; x_wconf 87' lang='lat' dir='ltr'><strong>iecissem,</strong></span> 
     </span>
     <span class='ocr_line' id='line_1_19' title="bbox 145 2349 1316 2430; baseline 0.007 -21"><span class='ocrx_word' id='word_1_158' title='bbox 145 2352 174 2409; x_wconf 94' lang='lat' dir='ltr'><strong>in</strong></span> <span class='ocrx_word' id='word_1_159' title='bbox 202 2361 302 2412; x_wconf 87' lang='lat' dir='ltr'><strong>vostra</strong></span> <span class='ocrx_word' id='word_1_160' title='bbox 325 2353 448 2413; x_wconf 92' lang='lat' dir='ltr'><strong>amicitia</strong></span> <span class='ocrx_word' id='word_1_161' title='bbox 471 2353 647 2428; x_wconf 84' lang='lat' dir='ltr'><strong>exercitum,</strong></span> <span class='ocrx_word' id='word_1_162' title='bbox 678 2349 809 2427; x_wconf 91' lang='lat' dir='ltr'><strong>divitias,</strong></span> <span class='ocrx_word' id='word_1_163' title='bbox 837 2351 1010 2412; x_wconf 91' lang='lat' dir='ltr'><strong>munimenta</strong></span> <span class='ocrx_word' id='word_1_164' title='bbox 1032 2354 1116 2430; x_wconf 85' lang='lat' dir='ltr'><strong>regni</strong></span> <span class='ocrx_word' id='word_1_165' title='bbox 1136 2372 1182 2414; x_wconf 90' lang='lat' dir='ltr'><strong>me</strong></span> <span class='ocrx_word' id='word_1_166' title='bbox 1204 2354 1316 2417; x_wconf 90' lang='lat' dir='ltr'><strong>babitu·</strong></span> 
     </span>
    </p>
   </div>
   <div class='ocr_carea' id='block_1_4' title="bbox 116 2443 1316 2875">
    <p class='ocr_par' dir='ltr' id='par_1_10' title="bbox 118 2443 1315 2655">
     <span class='ocr_line' id='line_1_20' title="bbox 118 2443 1314 2543; baseline 0.007 -23"><span class='ocrx_word' id='word_1_167' title='bbox 118 2479 218 2528; x_wconf 73' lang='lat' dir='ltr'><strong>orum.</strong></span> <span class='ocrx_word' id='word_1_168' title='bbox 264 2463 345 2536; x_wconf 85' lang='lat' dir='ltr'><strong>Quae</strong></span> <span class='ocrx_word' id='word_1_169' title='bbox 368 2481 454 2542; x_wconf 92' lang='lat' dir='ltr'><strong>quum</strong></span> <span class='ocrx_word' id='word_1_170' title='bbox 472 2470 632 2543; x_wconf 88' lang='lat' dir='ltr'><strong>praecepta</strong></span> <span class='ocrx_word' id='word_1_171' title='bbox 655 2461 784 2541; x_wconf 87' lang='lat' dir='ltr'><strong>parentis</strong></span> <span class='ocrx_word' id='word_1_172' title='bbox 803 2461 859 2520; x_wconf 90' lang='lat' dir='ltr'><strong>mei</strong></span> <span class='ocrx_word' id='word_1_173' title='bbox 879 2460 1035 2540; x_wconf 77' lang='lat' dir='ltr'><strong>agitarem,</strong></span> <span class='ocrx_word' id='word_1_174' title='bbox 1057 2462 1209 2542; x_wconf 91' lang='lat' dir='ltr'><strong>lugurtba,</strong></span> <span class='ocrx_word' id='word_1_175' title='bbox 1223 2443 1314 2528; x_wconf 77' lang='lat' dir='ltr'><strong>bomo</strong></span> 
     </span>
     <span class='ocr_line' id='line_1_21' title="bbox 129 2553 1315 2655; baseline 0.006 -26"><span class='ocrx_word' id='word_1_176' title='bbox 129 2571 285 2649; x_wconf 82' lang='lat' dir='ltr'><strong>omnium,</strong></span> <span class='ocrx_word' id='word_1_177' title='bbox 315 2563 499 2651; x_wconf 86' lang='lat' dir='ltr'><strong>quos.terra</strong></span> <span class='ocrx_word' id='word_1_178' title='bbox 527 2574 662 2650; x_wconf 90' lang='lat' dir='ltr'><strong>sustinet,</strong></span> <span class='ocrx_word' id='word_1_179' title='bbox 695 2553 970 2649; x_wconf 53' lang='lat' dir='ltr'><strong>sceleratissumusf</strong></span> <span class='ocrx_word' id='word_1_180' title='bbox 996 2582 1164 2654; x_wconf 90' lang='lat' dir='ltr'><strong>contempto</strong></span> <span class='ocrx_word' id='word_1_181' title='bbox 1192 2577 1315 2655; x_wconf 89' lang='lat' dir='ltr'><strong>imperio</strong></span> 
     </span>
    </p>

    <p class='ocr_par' dir='ltr' id='par_1_11' title="bbox 116 2678 1316 2875">
     <span class='ocr_line' id='line_1_22' title="bbox 146 2678 1316 2762; baseline 0.007 -24"><span class='ocrx_word' id='word_1_182' title='bbox 146 2690 264 2760; x_wconf 86' lang='lat' dir='ltr'><strong>vostro,</strong></span> <span class='ocrx_word' id='word_1_183' title='bbox 290 2683 462 2744; x_wconf 85' lang='lat' dir='ltr'><strong>Masinissae</strong></span> <span class='ocrx_word' id='word_1_184' title='bbox 485 2703 531 2744; x_wconf 91' lang='lat' dir='ltr'><strong>mc</strong></span> <span class='ocrx_word' id='word_1_185' title='bbox 553 2691 691 2761; x_wconf 89' lang='lat' dir='ltr'><strong>nepotem</strong></span> <span class='ocrx_word' id='word_1_186' title='bbox 714 2688 742 2741; x_wconf 92' lang='lat' dir='ltr'><strong>et</strong></span> <span class='ocrx_word' id='word_1_187' title='bbox 762 2681 819 2738; x_wconf 88' lang='lat' dir='ltr'><strong>iam</strong></span> <span class='ocrx_word' id='word_1_188' title='bbox 841 2678 876 2738; x_wconf 84' lang='lat' dir='ltr'><strong>ab</strong></span> <span class='ocrx_word' id='word_1_189' title='bbox 900 2683 990 2762; x_wconf 89' lang='lat' dir='ltr'><strong>stirpe</strong></span> <span class='ocrx_word' id='word_1_190' title='bbox 1012 2685 1123 2744; x_wconf 92' lang='lat' dir='ltr'><strong>socium</strong></span> <span class='ocrx_word' id='word_1_191' title='bbox 1143 2693 1231 2762; x_wconf 87' lang='lat' dir='ltr'><strong>atque</strong></span> <span class='ocrx_word' id='word_1_192' title='bbox 1249 2688 1316 2746; x_wconf 90' lang='lat' dir='ltr'><strong>ami-</strong></span> 
     </span>
     <span class='ocr_line' id='line_1_23' title="bbox 116 2788 1316 2875; baseline 0.006 -26"><span class='ocrx_word' id='word_1_193' title='bbox 116 2807 209 2859; x_wconf 72' lang='lat' dir='ltr'><strong>acum</strong></span> <span class='ocrx_word' id='word_1_194' title='bbox 233 2792 334 2872; x_wconf 89' lang='lat' dir='ltr'><strong>populi</strong></span> <span class='ocrx_word' id='word_1_195' title='bbox 352 2794 473 2855; x_wconf 86' lang='lat' dir='ltr'><strong>Romani</strong></span> <span class='ocrx_word' id='word_1_196' title='bbox 490 2810 585 2871; x_wconf 88' lang='lat' dir='ltr'><strong>regno</strong></span> <span class='ocrx_word' id='word_1_197' title='bbox 603 2789 786 2870; x_wconf 81' lang='lat' dir='ltr'><strong>fortunisque</strong></span> <span class='ocrx_word' id='word_1_198' title='bbox 809 2788 940 2850; x_wconf 93' lang='lat' dir='ltr'><strong>omnibus</strong></span> <span class='ocrx_word' id='word_1_199' title='bbox 961 2792 1081 2871; x_wconf 87' lang='lat' dir='ltr'><strong>expulit.</strong></span> <span class='ocrx_word' id='word_1_200' title='bbox 1126 2792 1223 2871; x_wconf 80' lang='lat' dir='ltr'><strong>Atque</strong></span> <span class='ocrx_word' id='word_1_201' title='bbox 1245 2815 1316 2875; x_wconf 85' lang='lat' dir='ltr'><strong>ego,</strong></span> 
     </span>
    </p>
   </div>
   <div class='ocr_carea' id='block_1_5' title="bbox 144 2975 1317 3273">
    <p class='ocr_par' dir='ltr' id='par_1_12' title="bbox 144 2975 1317 3273">
     <span class='ocr_line' id='line_1_24' title="bbox 144 2975 1317 3044; baseline 0.007 -20"><span class='ocrx_word' id='word_1_202' title='bbox 144 2975 361 3040; x_wconf 79' lang='lat' dir='ltr'><strong>prehenduntur3</strong></span> <span class='ocrx_word' id='word_1_203' title='bbox 379 2995 405 3030; x_wconf 79' lang='lat' dir='ltr'><strong>v.</strong></span> <span class='ocrx_word' id='word_1_204' title='bbox 421 2977 456 3028; x_wconf 88' lang='lat' dir='ltr'><strong>ad</strong></span> <span class='ocrx_word' id='word_1_205' title='bbox 471 2979 531 3043; x_wconf 86' lang='lat' dir='ltr'><strong>Ing.</strong></span> <span class='ocrx_word' id='word_1_206' title='bbox 551 2979 600 3042; x_wconf 88' lang='grc'><strong>14,</strong></span> <span class='ocrx_word' id='word_1_207' title='bbox 619 2977 661 3028; x_wconf 82' lang='grc'><strong>16.</strong></span> <span class='ocrx_word' id='word_1_208' title='bbox 681 2979 708 3027; x_wconf 84' lang='lat' dir='ltr'><strong>at</strong></span> <span class='ocrx_word' id='word_1_209' title='bbox 784 2980 944 3038; x_wconf 67' lang='lat' dir='ltr'><strong>cognatorum</strong></span> <span class='ocrx_word' id='word_1_210' title='bbox 965 3001 999 3010; x_wconf 97' lang='lat'><em>-</em></span> <span class='ocrx_word' id='word_1_211' title='bbox 1023 2977 1136 3039; x_wconf 76' lang='lat' dir='ltr'><strong>affinium</strong></span> <span class='ocrx_word' id='word_1_212' title='bbox 1158 2976 1223 3044; x_wconf 80' lang='lat' dir='ltr'><strong>laco]</strong></span> <span class='ocrx_word' id='word_1_213' title='bbox 1251 2980 1271 3031; x_wconf 85' lang='lat' dir='ltr'><strong>i.</strong></span> <span class='ocrx_word' id='word_1_214' title='bbox 1291 2995 1317 3032; x_wconf 87' lang='lat' dir='ltr'><strong>c.</strong></span> 
     </span>
     <span class='ocr_line' id='line_1_25' title="bbox 145 3052 1315 3118; baseline 0.004 -17"><span class='ocrx_word' id='word_1_215' title='bbox 145 3053 179 3102; x_wconf 85' lang='lat' dir='ltr'><strong>cf.</strong></span> <span class='ocrx_word' id='word_1_216' title='bbox 198 3053 271 3104; x_wconf 85' lang='lat' dir='ltr'><strong>Hist.</strong></span> <span class='ocrx_word' id='word_1_217' title='bbox 288 3055 333 3105; x_wconf 87' lang='lat' dir='ltr'><strong>Fr.</strong></span> <span class='ocrx_word' id='word_1_218' title='bbox 349 3055 372 3118; x_wconf 93' lang='lat' dir='ltr'><strong>I,</strong></span> <span class='ocrx_word' id='word_1_219' title='bbox 391 3055 434 3108; x_wconf 83' lang='grc'><strong>69.</strong></span> <span class='ocrx_word' id='word_1_220' title='bbox 453 3055 652 3118; x_wconf 84' lang='lat' dir='ltr'><strong>Mauri‚.oaaam</strong></span> <span class='ocrx_word' id='word_1_221' title='bbox 663 3068 709 3116; x_wconf 76' lang='lat' dir='ltr'><strong>ge·</strong></span> <span class='ocrx_word' id='word_1_222' title='bbox 750 3065 799 3116; x_wconf 87' lang='lat' dir='ltr'><strong>pro</strong></span> <span class='ocrx_word' id='word_1_223' title='bbox 822 3052 947 3114; x_wconf 84' lang='lat' dir='ltr'><strong>cognatis</strong></span> <span class='ocrx_word' id='word_1_224' title='bbox 970 3077 1005 3088; x_wconf 92' lang='lat'>-</span> <span class='ocrx_word' id='word_1_225' title='bbox 1030 3069 1079 3118; x_wconf 86' lang='lat' dir='ltr'><strong>pro</strong></span> <span class='ocrx_word' id='word_1_226' title='bbox 1109 3053 1250 3116; x_wconf 74' lang='lat' dir='ltr'><strong>affinibus3</strong></span> <span class='ocrx_word' id='word_1_227' title='bbox 1279 3057 1315 3107; x_wconf 81' lang='lat' dir='ltr'><strong>ct&#39;.</strong></span> 
     </span>
     <span class='ocr_line' id='line_1_26' title="bbox 145 3127 1316 3197; baseline 0.003 -17"><span class='ocrx_word' id='word_1_228' title='bbox 145 3145 204 3191; x_wconf 75' lang='lat' dir='ltr'><strong>aaa,</strong></span> <span class='ocrx_word' id='word_1_229' title='bbox 223 3137 251 3180; x_wconf 84' lang='lat' dir='ltr'><strong>at</strong></span> <span class='ocrx_word' id='word_1_230' title='bbox 267 3132 334 3181; x_wconf 82' lang='lat' dir='ltr'><strong>alia</strong></span> <span class='ocrx_word' id='word_1_231' title='bbox 351 3131 468 3197; x_wconf 58' lang='lat' dir='ltr'><strong>Africae.</strong></span> <span class='ocrx_word' id='word_1_232' title='bbox 491 3133 553 3185; x_wconf 86' lang='lat' dir='ltr'><strong>Liv.</strong></span> <span class='ocrx_word' id='word_1_233' title='bbox 571 3133 594 3194; x_wconf 90' lang='lat'><strong>1,</strong></span> <span class='ocrx_word' id='word_1_234' title='bbox 608 3129 650 3193; x_wconf 74' lang='lat'><strong>53,</strong></span> <span class='ocrx_word' id='word_1_235' title='bbox 665 3129 707 3180; x_wconf 90' lang='lat' dir='ltr'><strong>ll.</strong></span> <span class='ocrx_word' id='word_1_236' title='bbox 750 3127 824 3177; x_wconf 88' lang='lat' dir='ltr'><strong>Hist.</strong></span> <span class='ocrx_word' id='word_1_237' title='bbox 843 3128 888 3178; x_wconf 85' lang='lat' dir='ltr'><strong>Fr.</strong></span> <span class='ocrx_word' id='word_1_238' title='bbox 908 3130 937 3191; x_wconf 92' lang='grc' dir='ltr'><strong>Ι,</strong></span> <span class='ocrx_word' id='word_1_239' title='bbox 957 3128 1005 3191; x_wconf 86' lang='grc'><strong>56,</strong></span> <span class='ocrx_word' id='word_1_240' title='bbox 1024 3131 1049 3179; x_wconf 88' lang='lat'><strong>5.</strong></span> <span class='ocrx_word' id='word_1_241' title='bbox 1068 3129 1170 3196; x_wconf 76' lang='lat' dir='ltr'><strong>Iadigni</strong></span> <span class='ocrx_word' id='word_1_242' title='bbox 1186 3132 1316 3194; x_wconf 81' lang='lat' dir='ltr'><strong>republica</strong></span> 
     </span>
     <span class='ocr_line' id='line_1_27' title="bbox 144 3205 1280 3273; baseline 0.007 -18"><span class='ocrx_word' id='word_1_243' title='bbox 144 3207 176 3257; x_wconf 80' lang='lat' dir='ltr'><strong>Ia</strong></span> <span class='ocrx_word' id='word_1_244' title='bbox 198 3224 226 3258; x_wconf 79' lang='lat' dir='ltr'><strong>ee</strong></span> <span class='ocrx_word' id='word_1_245' title='bbox 250 3211 328 3270; x_wconf 78' lang='lat' dir='ltr'><strong>ipsam</strong></span> <span class='ocrx_word' id='word_1_246' title='bbox 349 3217 474 3272; x_wconf 70' lang='lat' dir='ltr'><strong>postremo</strong></span> <span class='ocrx_word' id='word_1_247' title='bbox 496 3213 661 3273; x_wconf 76' lang='lat' dir='ltr'><strong>saeviturum,</strong></span> <span class='ocrx_word' id='word_1_248' title='bbox 688 3211 713 3258; x_wconf 81' lang='lat' dir='ltr'><strong>si</strong></span> <span class='ocrx_word' id='word_1_249' title='bbox 749 3205 830 3256; x_wconf 81' lang='lat' dir='ltr'><strong>babiti</strong></span> <span class='ocrx_word' id='word_1_250' title='bbox 842 3207 990 3270; x_wconf 84' lang='lat' dir='ltr'><strong>praedae</strong></span> <span class='ocrx_word' id='word_1_251' title='bbox 1012 3211 1082 3259; x_wconf 87' lang='lat' dir='ltr'><strong>loco</strong></span> <span class='ocrx_word' id='word_1_252' title='bbox 1101 3219 1280 3267; x_wconf 73' lang='lat' dir='ltr'><strong>acclamantur.</strong></span> 
     </span>
    </p>
   </div>
   <div class='ocr_carea' id='block_1_6' title="bbox 50 3287 1317 3476">
    <p class='ocr_par' dir='ltr' id='par_1_13' title="bbox 50 3287 1317 3476">
     <span class='ocr_line' id='line_1_28' title="bbox 145 3287 1317 3369; baseline 0.001 -16"><span class='ocrx_word' id='word_1_253' title='bbox 145 3288 215 3336; x_wconf 61' lang='grc' dir='ltr'><strong>Μία</strong></span> <span class='ocrx_word' id='word_1_254' title='bbox 232 3287 323 3337; x_wconf 56' lang='lat' dir='ltr'><strong>demi·</strong></span> <span class='ocrx_word' id='word_1_255' title='bbox 786 3300 932 3350; x_wconf 82' lang='lat' dir='ltr'><strong>munimenta</strong></span> <span class='ocrx_word' id='word_1_256' title='bbox 956 3297 1037 3366; x_wconf 76' lang='lat' dir='ltr'><strong>regni]</strong></span> <span class='ocrx_word' id='word_1_257' title='bbox 1057 3302 1125 3362; x_wconf 71' lang='lat' dir='ltr'><strong>{Non</strong></span> <span class='ocrx_word' id='word_1_258' title='bbox 1149 3306 1191 3352; x_wconf 84' lang='lat' dir='ltr'><strong>est</strong></span> <span class='ocrx_word' id='word_1_259' title='bbox 1210 3305 1317 3369; x_wconf 84' lang='lat' dir='ltr'><strong>apposi-</strong></span> 
     </span>
     <span class='ocr_line' id='line_1_29' title="bbox 50 3378 1259 3476; baseline 0.001 -43"><span class='ocrx_word' id='word_1_260' title='bbox 50 3453 65 3476; x_wconf 55' lang='lat'><strong>·</strong></span> <span class='ocrx_word' id='word_1_261' title='bbox 144 3445 148 3451; x_wconf 11' lang='grc' dir='ltr'><em>ἐ</em></span> <span class='ocrx_word' id='word_1_262' title='bbox 181 3386 206 3437; x_wconf 90' lang='grc'><strong>8.</strong></span> <span class='ocrx_word' id='word_1_263' title='bbox 225 3384 337 3452; x_wconf 79' lang='lat' dir='ltr'><strong>quorum]</strong></span> <span class='ocrx_word' id='word_1_264' title='bbox 355 3403 381 3439; x_wconf 80' lang='lat' dir='ltr'><strong>v.</strong></span> <span class='ocrx_word' id='word_1_265' title='bbox 399 3387 436 3438; x_wconf 73' lang='lat' dir='ltr'><strong>ad</strong></span> <span class='ocrx_word' id='word_1_266' title='bbox 453 3388 513 3440; x_wconf 68' lang='lat' dir='ltr'><strong>cat,</strong></span> <span class='ocrx_word' id='word_1_267' title='bbox 532 3391 557 3455; x_wconf 68' lang='lat'><strong>7,</strong></span> <span class='ocrx_word' id='word_1_268' title='bbox 576 3391 603 3440; x_wconf 80' lang='grc'><strong>4,</strong></span> <span class='ocrx_word' id='word_1_269' title='bbox 622 3388 665 3453; x_wconf 70' lang='lat'><strong>16,</strong></span> <span class='ocrx_word' id='word_1_270' title='bbox 684 3389 709 3442; x_wconf 78' lang='lat'><strong>1,</strong></span> <span class='ocrx_word' id='word_1_271' title='bbox 751 3379 807 3442; x_wconf 86' lang='lat' dir='ltr'><strong>tio,</strong></span> <span class='ocrx_word' id='word_1_272' title='bbox 827 3378 875 3430; x_wconf 86' lang='lat' dir='ltr'><strong>sed</strong></span> <span class='ocrx_word' id='word_1_273' title='bbox 893 3379 1029 3430; x_wconf 88' lang='lat' dir='ltr'><strong>obiectum</strong></span> <span class='ocrx_word' id='word_1_274' title='bbox 1046 3381 1124 3431; x_wconf 85' lang='lat' dir='ltr'><strong>verbi</strong></span> <span class='ocrx_word' id='word_1_275' title='bbox 1140 3383 1259 3434; x_wconf 85' lang='lat' dir='ltr'><strong>tortium.</strong></span> 
     </span>
    </p>
   </div>
   <div class='ocr_carea' id='block_1_7' title="bbox 144 3467 1316 3703">
    <p class='ocr_par' dir='ltr' id='par_1_14' title="bbox 144 3467 1316 3703">
     <span class='ocr_line' id='line_1_30' title="bbox 181 3467 1316 3550; baseline -0.008 -18"><span class='ocrx_word' id='word_1_276' title='bbox 181 3467 328 3540; x_wconf 68' lang='lat' dir='ltr'><strong>boematum</strong></span> <span class='ocrx_word' id='word_1_277' title='bbox 346 3508 381 3520; x_wconf 91' lang='lat'><em>-</em></span> <span class='ocrx_word' id='word_1_278' title='bbox 402 3480 490 3547; x_wconf 79' lang='lat' dir='ltr'><strong>datur]</strong></span> <span class='ocrx_word' id='word_1_279' title='bbox 517 3483 536 3536; x_wconf 88' lang='lat' dir='ltr'><strong>i.</strong></span> <span class='ocrx_word' id='word_1_280' title='bbox 561 3498 586 3534; x_wconf 88' lang='lat' dir='ltr'><strong>e.</strong></span> <span class='ocrx_word' id='word_1_281' title='bbox 608 3483 642 3532; x_wconf 89' lang='lat' dir='ltr'><strong>iis</strong></span> <span class='ocrx_word' id='word_1_282' title='bbox 665 3498 710 3548; x_wconf 81' lang='lat' dir='ltr'><strong>pe·</strong></span> <span class='ocrx_word' id='word_1_283' title='bbox 787 3479 811 3529; x_wconf 81' lang='lat'><strong>2.</strong></span> <span class='ocrx_word' id='word_1_284' title='bbox 832 3477 902 3539; x_wconf 82' lang='lat' dir='ltr'><strong>Quae</strong></span> <span class='ocrx_word' id='word_1_285' title='bbox 927 3493 998 3542; x_wconf 85' lang='lat' dir='ltr'><strong>qaam</strong></span> <span class='ocrx_word' id='word_1_286' title='bbox 1014 3489 1157 3544; x_wconf 81' lang='lat' dir='ltr'><strong>praecepta</strong></span> <span class='ocrx_word' id='word_1_287' title='bbox 1174 3509 1210 3518; x_wconf 89' lang='lat'><em>-</em></span> <span class='ocrx_word' id='word_1_288' title='bbox 1233 3487 1316 3550; x_wconf 61' lang='lat' dir='ltr'><strong>apim.</strong></span> 
     </span>
     <span class='ocr_line' id='line_1_31' title="bbox 144 3553 1316 3626; baseline 0.005 -17"><span class='ocrx_word' id='word_1_289' title='bbox 144 3561 265 3610; x_wconf 87' lang='lat' dir='ltr'><strong>tentibus</strong></span> <span class='ocrx_word' id='word_1_290' title='bbox 284 3560 458 3624; x_wconf 87' lang='lat' dir='ltr'><strong>permissum,</strong></span> <span class='ocrx_word' id='word_1_291' title='bbox 476 3565 506 3610; x_wconf 91' lang='lat' dir='ltr'><strong>ut</strong></span> <span class='ocrx_word' id='word_1_292' title='bbox 524 3564 648 3610; x_wconf 85' lang='lat' dir='ltr'><strong>senatum</strong></span> <span class='ocrx_word' id='word_1_293' title='bbox 665 3561 718 3611; x_wconf 81' lang='lat' dir='ltr'><strong>ad.</strong></span> <span class='ocrx_word' id='word_1_294' title='bbox 753 3553 814 3620; x_wconf 81' lang='lat' dir='ltr'><strong>rem]</strong></span> <span class='ocrx_word' id='word_1_295' title='bbox 832 3555 850 3607; x_wconf 86' lang='lat' dir='ltr'><strong>i.</strong></span> <span class='ocrx_word' id='word_1_296' title='bbox 869 3571 892 3606; x_wconf 87' lang='lat' dir='ltr'><strong>e.</strong></span> <span class='ocrx_word' id='word_1_297' title='bbox 911 3569 992 3620; x_wconf 91' lang='lat' dir='ltr'><strong>quum</strong></span> <span class='ocrx_word' id='word_1_298' title='bbox 1009 3559 1085 3608; x_wconf 84' lang='lat' dir='ltr'><strong>totus</strong></span> <span class='ocrx_word' id='word_1_299' title='bbox 1099 3573 1185 3610; x_wconf 86' lang='lat' dir='ltr'><strong>essem</strong></span> <span class='ocrx_word' id='word_1_300' title='bbox 1198 3561 1227 3610; x_wconf 89' lang='lat' dir='ltr'><strong>in</strong></span> <span class='ocrx_word' id='word_1_301' title='bbox 1239 3577 1316 3626; x_wconf 84' lang='lat' dir='ltr'><strong>prac-</strong></span> 
     </span>
     <span class='ocr_line' id='line_1_32' title="bbox 145 3632 1042 3703; baseline -0.002 -17"><span class='ocrx_word' id='word_1_302' title='bbox 145 3639 184 3687; x_wconf 85' lang='lat' dir='ltr'><strong>ire</strong></span> <span class='ocrx_word' id='word_1_303' title='bbox 202 3636 385 3703; x_wconf 85' lang='lat' dir='ltr'><strong>mandataque</strong></span> <span class='ocrx_word' id='word_1_304' title='bbox 405 3651 455 3688; x_wconf 83' lang='lat' dir='ltr'><strong>sua</strong></span> <span class='ocrx_word' id='word_1_305' title='bbox 469 3640 497 3688; x_wconf 85' lang='lat' dir='ltr'><strong>et</strong></span> <span class='ocrx_word' id='word_1_306' title='bbox 509 3636 649 3702; x_wconf 86' lang='lat' dir='ltr'><strong>postulata</strong></span> <span class='ocrx_word' id='word_1_307' title='bbox 666 3653 711 3688; x_wconf 85' lang='lat' dir='ltr'><strong>ex·</strong></span> <span class='ocrx_word' id='word_1_308' title='bbox 751 3633 837 3699; x_wconf 82' lang='lat' dir='ltr'><strong>captis</strong></span> <span class='ocrx_word' id='word_1_309' title='bbox 856 3632 1042 3685; x_wconf 83' lang='lat' dir='ltr'><strong>observandis.</strong></span> 
     </span>
    </p>
   </div>
   <div class='ocr_carea' id='block_1_8' title="bbox 145 3712 1374 4434">
    <p class='ocr_par' dir='ltr' id='par_1_15' title="bbox 145 3712 1374 4434">
     <span class='ocr_line' id='line_1_33' title="bbox 145 3712 1374 3799; baseline -0.002 -11"><span class='ocrx_word' id='word_1_310' title='bbox 145 3728 245 3779; x_wconf 64' lang='lat' dir='ltr'><strong>P⁰n⁰r⁰</strong></span> <span class='ocrx_word' id='word_1_311' title='bbox 260 3712 365 3764; x_wconf 57' lang='lat' dir='ltr'><strong>limet·</strong></span> <span class='ocrx_word' id='word_1_312' title='bbox 421 3789 424 3796; x_wconf 66' lang='grc'>,</span> <span class='ocrx_word' id='word_1_313' title='bbox 655 3733 657 3738; x_wconf 87' lang='grc'><strong>’</strong></span> <span class='ocrx_word' id='word_1_314' title='bbox 786 3748 847 3798; x_wconf 83' lang='lat' dir='ltr'><strong>quac</strong></span> <span class='ocrx_word' id='word_1_315' title='bbox 865 3714 937 3783; x_wconf 82' lang='lat' dir='ltr'><strong>terra</strong></span> <span class='ocrx_word' id='word_1_316' title='bbox 954 3732 1070 3799; x_wconf 75' lang='lat' dir='ltr'><strong>sustinet]</strong></span> <span class='ocrx_word' id='word_1_317' title='bbox 1093 3735 1110 3784; x_wconf 88' lang='lat' dir='ltr'><strong>i.</strong></span> <span class='ocrx_word' id='word_1_318' title='bbox 1130 3749 1154 3783; x_wconf 87' lang='lat' dir='ltr'><strong>a.</strong></span> <span class='ocrx_word' id='word_1_319' title='bbox 1176 3736 1222 3798; x_wconf 88' lang='lat' dir='ltr'><strong>qui</strong></span> <span class='ocrx_word' id='word_1_320' title='bbox 1239 3737 1316 3786; x_wconf 89' lang='lat' dir='ltr'><strong>innu-</strong></span> <span class='ocrx_word' id='word_1_321' title='bbox 1370 3745 1374 3753; x_wconf 91' lang='grc'><strong><em>·</em></strong></span> 
     </span>
     <span class='ocr_line' id='line_1_34' title="bbox 179 3809 1315 3880; baseline -0.005 -12"><span class='ocrx_word' id='word_1_322' title='bbox 179 3813 526 3880; x_wconf 79' lang='lat' dir='ltr'><strong>XIV.1.proauratiaaem]</strong></span> <span class='ocrx_word' id='word_1_323' title='bbox 555 3817 710 3866; x_wconf 82' lang='lat' dir='ltr'><strong>Procuratio</strong></span> <span class='ocrx_word' id='word_1_324' title='bbox 750 3809 893 3860; x_wconf 79' lang='lat' dir='ltr'><strong>manabiles</strong></span> <span class='ocrx_word' id='word_1_325' title='bbox 916 3815 980 3860; x_wconf 82' lang='lat' dir='ltr'><strong>sunt</strong></span> <span class='ocrx_word' id='word_1_326' title='bbox 1000 3811 1029 3860; x_wconf 88' lang='lat' dir='ltr'><strong>in</strong></span> <span class='ocrx_word' id='word_1_327' title='bbox 1051 3814 1137 3870; x_wconf 64' lang='lat' dir='ltr'><strong>terram</strong></span> <span class='ocrx_word' id='word_1_328' title='bbox 1167 3811 1205 3862; x_wconf 86' lang='lat' dir='ltr'><strong>cf.</strong></span> <span class='ocrx_word' id='word_1_329' title='bbox 1222 3811 1315 3866; x_wconf 80' lang='lat' dir='ltr'><strong>Plaut.</strong></span> 
     </span>
     <span class='ocr_line' id='line_1_35' title="bbox 146 3884 1316 3956; baseline -0.007 -12"><span class='ocrx_word' id='word_1_330' title='bbox 146 3893 204 3944; x_wconf 89' lang='lat' dir='ltr'><strong>eius</strong></span> <span class='ocrx_word' id='word_1_331' title='bbox 227 3895 284 3953; x_wconf 82' lang='lat' dir='ltr'><strong>est,</strong></span> <span class='ocrx_word' id='word_1_332' title='bbox 310 3892 356 3956; x_wconf 88' lang='lat' dir='ltr'><strong>qui</strong></span> <span class='ocrx_word' id='word_1_333' title='bbox 378 3892 496 3943; x_wconf 77' lang='lat' dir='ltr'><strong>vicarias</strong></span> <span class='ocrx_word' id='word_1_334' title='bbox 519 3893 585 3944; x_wconf 84' lang='lat' dir='ltr'><strong>iusti</strong></span> <span class='ocrx_word' id='word_1_335' title='bbox 607 3893 710 3944; x_wconf 86' lang='lat' dir='ltr'><strong>domini</strong></span> <span class='ocrx_word' id='word_1_336' title='bbox 749 3888 834 3938; x_wconf 86' lang='lat' dir='ltr'><strong>Poan.</strong></span> <span class='ocrx_word' id='word_1_337' title='bbox 852 3884 921 3951; x_wconf 91' lang='lat' dir='ltr'><strong>prol.</strong></span> <span class='ocrx_word' id='word_1_338' title='bbox 942 3885 986 3936; x_wconf 76' lang='grc'><strong>90.</strong></span> <span class='ocrx_word' id='word_1_339' title='bbox 1009 3885 1149 3950; x_wconf 82' lang='lat' dir='ltr'><strong>Venditque</strong></span> <span class='ocrx_word' id='word_1_340' title='bbox 1168 3913 1203 3924; x_wconf 84' lang='lat'>—</span> <span class='ocrx_word' id='word_1_341' title='bbox 1218 3887 1316 3942; x_wconf 75' lang='lat' dir='ltr'><strong>domiai,</strong></span> 
     </span>
     <span class='ocr_line' id='line_1_36' title="bbox 145 3961 1316 4042; baseline -0.009 -22"><span class='ocrx_word' id='word_1_342' title='bbox 145 3974 236 4036; x_wconf 81' lang='lat' dir='ltr'><strong>partes</strong></span> <span class='ocrx_word' id='word_1_343' title='bbox 260 3969 387 4020; x_wconf 86' lang='lat' dir='ltr'><strong>sustinet.</strong></span> <span class='ocrx_word' id='word_1_344' title='bbox 423 3967 607 4042; x_wconf 73' lang='lat' dir='ltr'><strong>Similiterde</strong></span> <span class='ocrx_word' id='word_1_345' title='bbox 624 3971 710 4021; x_wconf 84' lang='lat' dir='ltr'><strong>Masi·</strong></span> <span class='ocrx_word' id='word_1_346' title='bbox 748 3967 773 4014; x_wconf 83' lang='lat' dir='ltr'><strong>ei</strong></span> <span class='ocrx_word' id='word_1_347' title='bbox 803 3966 858 4014; x_wconf 84' lang='lat' dir='ltr'><strong>lena</strong></span> <span class='ocrx_word' id='word_1_348' title='bbox 885 3965 918 4013; x_wconf 85' lang='lat' dir='ltr'><strong>’st</strong></span> <span class='ocrx_word' id='word_1_349' title='bbox 941 3961 1026 4026; x_wconf 80' lang='lat' dir='ltr'><strong>aomo,</strong></span> <span class='ocrx_word' id='word_1_350' title='bbox 1054 3970 1170 4026; x_wconf 80' lang='lat' dir='ltr'><strong>quantum</strong></span> <span class='ocrx_word' id='word_1_351' title='bbox 1197 3963 1316 4012; x_wconf 79' lang='lat' dir='ltr'><strong>laminam</strong></span> 
     </span>
     <span class='ocr_line' id='line_1_37' title="bbox 146 4039 1188 4109; baseline -0.005 -10"><span class='ocrx_word' id='word_1_352' title='bbox 146 4050 221 4100; x_wconf 75' lang='lat' dir='ltr'><strong>nisse</strong></span> <span class='ocrx_word' id='word_1_353' title='bbox 238 4047 333 4097; x_wconf 74' lang='lat' dir='ltr'><strong>Livius</strong></span> <span class='ocrx_word' id='word_1_354' title='bbox 347 4047 434 4109; x_wconf 78' lang='lat' dir='ltr'><strong>XLV,</strong></span> <span class='ocrx_word' id='word_1_355' title='bbox 455 4046 501 4108; x_wconf 83' lang='lat'><strong>13,</strong></span> <span class='ocrx_word' id='word_1_356' title='bbox 520 4047 561 4098; x_wconf 84' lang='lat'><strong>15.</strong></span> <span class='ocrx_word' id='word_1_357' title='bbox 586 4048 710 4097; x_wconf 72' lang='lat' dir='ltr'><strong>Marina-</strong></span> <span class='ocrx_word' id='word_1_358' title='bbox 750 4048 841 4090; x_wconf 79' lang='lat' dir='ltr'><strong>terra</strong></span> <span class='ocrx_word' id='word_1_359' title='bbox 858 4039 1016 4097; x_wconf 71' lang='lat' dir='ltr'><strong>sustinet,</strong></span> <span class='ocrx_word' id='word_1_360' title='bbox 1034 4053 1188 4088; x_wconf 68' lang='lat' dir='ltr'><strong>tavernaco.</strong></span> 
     </span>
     <span class='ocr_line' id='line_1_38' title="bbox 145 4125 1316 4197; baseline -0.003 -22"><span class='ocrx_word' id='word_1_361' title='bbox 145 4141 244 4180; x_wconf 65' lang='lat' dir='ltr'><strong>sam-</strong></span> <span class='ocrx_word' id='word_1_362' title='bbox 262 4138 319 4174; x_wconf 82' lang='lat' dir='ltr'><strong>aaa</strong></span> <span class='ocrx_word' id='word_1_363' title='bbox 336 4125 430 4190; x_wconf 66' lang='lat' dir='ltr'><strong>requi</strong></span> <span class='ocrx_word' id='word_1_364' title='bbox 448 4129 627 4173; x_wconf 68' lang='lat' dir='ltr'><strong>condendum</strong></span> <span class='ocrx_word' id='word_1_365' title='bbox 643 4127 709 4174; x_wconf 68' lang='lat' dir='ltr'><strong>Scire</strong></span> <span class='ocrx_word' id='word_1_366' title='bbox 785 4134 834 4181; x_wconf 73' lang='lat' dir='ltr'><strong>iam</strong></span> <span class='ocrx_word' id='word_1_367' title='bbox 850 4131 883 4180; x_wconf 77' lang='lat' dir='ltr'><strong>ab</strong></span> <span class='ocrx_word' id='word_1_368' title='bbox 901 4133 984 4195; x_wconf 63' lang='lat' dir='ltr'><strong>stirpe</strong></span> <span class='ocrx_word' id='word_1_369' title='bbox 1001 4131 1104 4197; x_wconf 58' lang='lat' dir='ltr'><strong>godam]</strong></span> <span class='ocrx_word' id='word_1_370' title='bbox 1123 4132 1142 4182; x_wconf 73' lang='lat' dir='ltr'><strong>i,</strong></span> <span class='ocrx_word' id='word_1_371' title='bbox 1159 4147 1184 4182; x_wconf 75' lang='grc' dir='ltr'><strong>θ,</strong></span> <span class='ocrx_word' id='word_1_372' title='bbox 1203 4147 1257 4182; x_wconf 79' lang='lat' dir='ltr'><strong>non</strong></span> <span class='ocrx_word' id='word_1_373' title='bbox 1276 4147 1316 4182; x_wconf 71' lang='lat' dir='ltr'><strong>re.</strong></span> 
     </span>
     <span class='ocr_line' id='line_1_39' title="bbox 146 4200 1316 4276; baseline -0.003 -13"><span class='ocrx_word' id='word_1_374' title='bbox 146 4201 274 4252; x_wconf 63' lang='lat' dir='ltr'><strong>d⁰mi⁷²5¹tm</strong></span> <span class='ocrx_word' id='word_1_375' title='bbox 291 4207 316 4252; x_wconf 70' lang='lat'><strong>²1</strong></span> <span class='ocrx_word' id='word_1_376' title='bbox 332 4205 370 4252; x_wconf 58' lang='lat'><strong>51⁴⁸</strong></span> <span class='ocrx_word' id='word_1_377' title='bbox 390 4214 487 4260; x_wconf 65' lang='lat' dir='ltr'><strong>emm,</strong></span> <span class='ocrx_word' id='word_1_378' title='bbox 517 4203 559 4265; x_wconf 64' lang='lat' dir='ltr'><strong>qul</strong></span> <span class='ocrx_word' id='word_1_379' title='bbox 585 4200 710 4260; x_wconf 43' lang='lat' dir='ltr'><strong>dederit&amp;</strong></span> <span class='ocrx_word' id='word_1_380' title='bbox 751 4224 814 4259; x_wconf 90' lang='lat' dir='ltr'><strong>cens</strong></span> <span class='ocrx_word' id='word_1_381' title='bbox 831 4208 943 4270; x_wconf 85' lang='lat' dir='ltr'><strong>facturn,</strong></span> <span class='ocrx_word' id='word_1_382' title='bbox 964 4207 1196 4272; x_wconf 86' lang='lat' dir='ltr'><strong>sednatumsoc.,</strong></span> <span class='ocrx_word' id='word_1_383' title='bbox 1215 4209 1316 4276; x_wconf 88' lang='lat' dir='ltr'><strong>quippe</strong></span> 
     </span>
     <span class='ocr_line' id='line_1_40' title="bbox 146 4274 1316 4352; baseline 0 -12"><span class='ocrx_word' id='word_1_384' title='bbox 146 4291 210 4331; x_wconf 56' lang='lat'><strong><em>&amp;⁸⁸⁶-</em></strong></span> <span class='ocrx_word' id='word_1_385' title='bbox 751 4286 797 4352; x_wconf 90' lang='lat' dir='ltr'><strong>qui</strong></span> <span class='ocrx_word' id='word_1_386' title='bbox 814 4274 888 4334; x_wconf 80' lang='lat' dir='ltr'><strong>hanc</strong></span> <span class='ocrx_word' id='word_1_387' title='bbox 911 4285 1040 4336; x_wconf 88' lang='lat' dir='ltr'><strong>honorem</strong></span> <span class='ocrx_word' id='word_1_388' title='bbox 1064 4287 1142 4352; x_wconf 88' lang='lat' dir='ltr'><strong>quasi</strong></span> <span class='ocrx_word' id='word_1_389' title='bbox 1163 4286 1316 4340; x_wconf 81' lang='lat' dir='ltr'><strong>hereditate</strong></span> 
     </span>
     <span class='ocr_line' id='line_1_41' title="bbox 181 4363 910 4434; baseline -0.001 -15"><span class='ocrx_word' id='word_1_390' title='bbox 181 4367 297 4434; x_wconf 73' lang='lat' dir='ltr'><strong>aetenam]</strong></span> <span class='ocrx_word' id='word_1_391' title='bbox 316 4385 343 4422; x_wconf 79' lang='lat' dir='ltr'><strong>v,</strong></span> <span class='ocrx_word' id='word_1_392' title='bbox 363 4367 398 4420; x_wconf 82' lang='lat' dir='ltr'><strong>ad</strong></span> <span class='ocrx_word' id='word_1_393' title='bbox 415 4367 476 4420; x_wconf 78' lang='lat' dir='ltr'><strong>Oai.</strong></span> <span class='ocrx_word' id='word_1_394' title='bbox 495 4366 604 4431; x_wconf 82' lang='lat'><strong>51,26.</strong></span> <span class='ocrx_word' id='word_1_395' title='bbox 749 4363 910 4432; x_wconf 82' lang='lat' dir='ltr'><strong>acceperim.</strong></span> 
     </span>
    </p>
   </div>
   <div class='ocr_carea' id='block_1_9' title="bbox 0 0 1519 4852">
    <p class='ocr_par' dir='ltr' id='par_1_16' title="bbox 0 0 1519 4852">
     <span class='ocr_line' id='line_1_42' title="bbox 0 0 1519 4852; baseline 0 0"><span class='ocrx_word' id='word_1_396' title='bbox 0 0 1519 4852; x_wconf 95' lang='lat' dir='ltr'><strong> </strong></span> 
     </span>
    </p>
   </div>
  </div>
 </body>
</html>
