3092 4850
206 301 268 363 270
607 316 640 364 c.
665 315 832 365 sannusau
856 317 969 365 cursen

289 469 339 532 77.
362 470 400 532 Et
421 473 531 531 numeri
553 491 653 534 eorum
675 473 811 548 Metellus
834 493 888 555 per
910 475 1023 536 litteras
1045 493 1164 553 gnarus.

289 582 339 644 78.
361 582 514 644 Domitium
540 584 749 666 proconsulem
771 603 809 644 ex
837 586 966 646 citeriori
986 585 1124 666 Hispania
1150 605 1214 648 cum
1245 586 1385 647 omnibus

203 691 312 772 copiis,
336 711 408 774 quas
428 706 597 775 paraverat,
619 697 785 756 accersivit.

288 805 340 866 79.
362 802 588 887 Occupatusquc
611 807 697 867 collis
721 805 903 866 editissumus
932 807 1008 887 apud
1029 806 1170 879 llerdam;
1202 827 1266 870 eunr
1289 809 1381 870 multa

202 933 295 994 opera
318 916 484 978 circumdat.

287 1028 338 1090 80.
361 1028 523 1107 Sertorius,
548 1029 642 1107 portis
665 1026 751 1101 turba¹
771 1027 950 1089 morantibus
974 1038 1003 1088 et
1029 1028 1126 1106 nullo,
1158 1031 1238 1089 utin
1261 1038 1379 1090 terrore

202 1139 296 1216 solet,
318 1141 438 1219 generis
465 1148 513 1199 aut
535 1139 639 1218 imperi
667 1138 848 1216 discrimine,
871 1157 926 1218 pcr
949 1139 1082 1200 calonum
1110 1157 1238 1220 corpora
1261 1140 1296 1200 ad
1316 1158 1378 1200 me·

202 1251 277 1311 dium
302 1251 401 1331 quasi,
421 1249 489 1309 dein
512 1268 602 1329 super
622 1249 774 1310 astantium
791 1248 923 1309 manibus
945 1251 973 1309 in
993 1268 1103 1310 murum
1125 1250 1274 1311 attollitur.

286 1361 337 1422 81.
361 1360 399 1420 Et
417 1359 555 1439 Dipouen
578 1358 701 1420 validam
719 1358 820 1419 urbem
840 1359 1024 1421 multosdies
1042 1369 1200 1422 restantem
1216 1359 1376 1440 pugnaudo

199 1471 298 1531 vincit.
759 1441 767 1455 ι

284 1580 334 1642 82.
358 1577 411 1640 Cui
433 1594 538 1637 nomen
561 1576 718 1639 oblivionis
743 1578 942 1640 condiderant.

284 1690 334 1752 83.
357 1689 440 1750 lllum
459 1689 550 1770 raptis
568 1683 663 1750 iorum
686 1699 714 1750 et
738 1699 831 1751 castra
853 1692 966 1752 nautica
989 1689 1136 1751 Sertorius
1158 1699 1328 1752 mutaverat.

714 1893 779 1946 Gur.
800 1896 849 1948 VI.
889 1917 891 1920 ·

436 1997 541 2049 Bellum
560 2003 655 2049 contra
672 1998 777 2064 piratas
795 2015 812 2049 a
828 2001 859 2051 P.
878 1999 994 2050 Servilio
1011 2004 1128 2065 gestum.

282 2138 333 2200 84.
360 2137 462 2217 ltaque
493 2137 635 2199 Servilius
660 2145 812 2214 aegrotum
839 2137 957 2198 Tarenti
991 2137 1137 2217 collegam
1165 2140 1246 2218 prior
1277 2147 1369 2199 trans-

196 2267 329 2327 gressus.

229 2432 275 2483 Fr.
294 2431 350 2498 tn]
370 2431 449 2484 Anus.
469 2449 495 2499 p.
516 2431 576 2486 233.
595 2433 676 2485 Lind.
802 2433 935 2502 receptui)
951 2444 1060 2501 propter
1078 2437 1191 2500 turbam,
1216 2453 1255 2489 sc.
1274 2437 1302 2488 in
1320 2453 1369 2488 an·

228 2518 275 2568 Fr.
286 2515 342 2582 78.]
361 2516 495 2569 Priscian.
510 2521 546 2582 X,
560 2520 586 2583 8,
599 2521 643 2574 45,
657 2535 684 2584 p.
698 2519 758 2570 504.
803 2517 883 2576 gusto
902 2513 1016 2567 introitu
1033 2520 1130 2566 ortam.

194 2597 242 2647 Kr.
270 2623 305 2632 -
329 2595 472 2646 Accersivit
496 2596 702 2663 intelligendum
726 2596 760 2646 dc
835 2591 949 2658 paneada]
973 2609 1011 2646 sc.
1037 2594 1149 2654 militum,
1175 2595 1257 2645 armis
1284 2599 1366 2661 atque

193 2673 319 2739 Metello,
335 2674 382 2740 qui
395 2673 546 2725 Domitium
564 2691 624 2726 cum
644 2675 699 2725 suis
716 2690 760 2724 co·
803 2667 942 2722 ordinibus
961 2673 1137 2726 diversorum.

194 2753 247 2819 piis
265 2754 318 2804 sibi
337 2750 438 2804 auxilio
456 2753 550 2803 venire
567 2752 657 2803 iussit.
670 2780 703 2790 -
717 2752 759 2801 De
837 2749 874 2798 ad
888 2751 991 2801 medium
1006 2749 1089 2816 quast]
1108 2752 1126 2802 i.
1145 2767 1169 2804 e.
1184 2753 1244 2816 fere
1261 2751 1296 2802 ad
1311 2767 1366 2801 me-

193 2831 301 2882 Domitio
318 2847 335 2882 a
353 2829 473 2882 Sertorio
491 2830 565 2881 victo
583 2829 619 2880 cf.
637 2826 711 2883 Plut.
731 2827 759 2878 in
803 2826 875 2876 diam
892 2828 962 2876 muri
979 2833 1099 2893 partem3
1118 2847 1146 2880 v.
1161 2829 1195 2879 ad
1207 2829 1270 2895 Iug.
1282 2830 1326 2892 48,
1337 2829 1362 2880 3.

193 2913 264 2964 Scri.
284 2927 308 2962 c.
328 2912 371 2963 12.
389 2913 505 2976 Eutrop.
523 2911 576 2973 VI,
596 2908 621 2960 1.
799 2897 805 2905 ’
835 2919 914 2967 super
927 2905 1070 2972 octonalium]
1088 2908 1107 2959 i.
1121 2924 1144 2961 e.
1159 2908 1188 2958 in
1203 2923 1279 2959 muro
1291 2913 1365 2958 stan-

226 2991 272 3041 ur.
288 2988 343 3054 tu]
362 2988 443 3041 Arus.
456 3004 484 3054 p.
497 2988 559 3042 219.
573 2986 656 3038 Lind.
669 2985 756 3036 Prisc.
802 2982 880 3035 tium.
904 2980 989 3045 Super
1007 2984 1167 3035 adverbium
1185 2990 1235 3036 est.

191 3069 256 3131 XV,
275 3069 305 3130 2,
324 3066 350 3116 9.
369 3082 396 3131 p.
415 3065 474 3117 618.
495 3067 543 3117 Kr.
569 3065 622 3131 Agi
648 3063 758 3114 videtur
835 3060 880 3110 Fr.
907 3058 961 3126 81.]
992 3064 1062 3114 Non.
1087 3063 1157 3126 XII,
1181 3063 1224 3118 30.
1252 3080 1279 3130 p.
1303 3065 1362 3128 526,

192 3147 226 3197 dc
253 3144 363 3204 Manlii,
392 3142 498 3195 Galliae
523 3141 694 3208 proconsulis
723 3156 757 3192 ac
802 3137 841 3187 10.
868 3139 952 3189 Marc.
985 3139 1026 3190 Ad
1054 3141 1203 3192 Sertorium
1228 3145 1363 3208 pertinere

190 3219 302 3274 Metello
313 3219 442 3271 auxilium
455 3221 580 3284 ferentis,
593 3219 672 3271 clade
683 3218 756 3284 apud
798 3215 992 3280 Fragmentum
1017 3218 1133 3282 diatones
1158 3220 1234 3270 urbis
1261 3221 1362 3272 mentio

189 3299 307 3350 Ilerdam
325 3303 453 3361 accepta;
472 3297 508 3348 ol.
522 3296 596 3348 Plut.
609 3297 639 3346 in
654 3295 756 3346 Sertor.
799 3294 932 3352 ostendit;
964 3295 1012 3345 sed
1037 3300 1127 3347 utrum
1150 3298 1184 3347 ab
1207 3297 1259 3348 hoc
1284 3315 1320 3348 au
1346 3315 1362 3348 a

191 3393 215 3427 c.
238 3376 280 3424 12.
300 3373 380 3423 Oros.
402 3373 437 3435 V,
456 3372 498 3423 23.
517 3373 577 3424 Liv.
596 3373 672 3438 Epit.
691 3371 735 3423 90.
799 3370 909 3420 Metello
928 3376 1010 3436 capta
1029 3373 1126 3437 luerit,
1143 3390 1198 3424 uon
1215 3375 1309 3441 liquet.

226 3454 303 3501 aurita
322 3447 414 3514 opera]
439 3450 458 3501 i.
480 3464 502 3498 e.
526 3465 626 3514 magna
645 3448 758 3514 diligen.
834 3448 880 3498 Fr.
899 3447 955 3514 82]
979 3449 1056 3501 Serv.
1084 3450 1119 3501 ad
1143 3452 1221 3518 Virg.
1247 3453 1314 3506 den.
1338 3453 1360 3516 1,

150 3527 152 3531 ’
190 3529 232 3578 tia
248 3531 276 3577 et
293 3526 482 3586 contentioue;
500 3525 537 3577 cl.
557 3525 614 3576 Cic.
631 3527 701 3591 Epp.
721 3525 757 3575 ad
798 3527 859 3578 267.
892 3529 1059 3596 Intelligitur
1082 3531 1182 3580 fluvius
1207 3532 1279 3582 inter
1303 3525 1379 3581 Du?

188 3607 274 3658 Attio.
288 3605 368 3668 XVI,
387 3603 427 3656 lo.
444 3602 559 3656 Oumibua
573 3606 649 3657 redata
666 3619 757 3670 magua
797 3607 866 3656 rium
892 3611 920 3657 et
937 3608 1065 3672 Minium,
1088 3609 1133 3659 cui
1155 3609 1219 3660 olim
1242 3612 1362 3660 Limaeas

188 3677 264 3750 cura,
288 3684 384 3734 multa
407 3697 510 3747 opera
532 3691 558 3734 ct
583 3684 672 3735 labore
694 3698 755 3733 ccu·
798 3685 854 3734 sive
876 3686 968 3736 Bellon
988 3703 1086 3737 nomen
1108 3687 1171 3738 suit.
1197 3687 1240 3738 Ad
1260 3689 1360 3739 bellum

185 3767 272 3834 sectis.
296 3761 340 3818 Id.
359 3761 396 3819 ib.
413 3763 479 3815 XIV
486 3800 492 3827 ,
515 3763 547 3815 14
564 3762 610 3814 fin.
796 3763 982 3815 Sertorianum
994 3765 1079 3816 verba
1091 3765 1226 3834 portinere
1241 3766 1359 3832 regionis

222 3845 269 3896 ur.
294 3840 351 3907 80.]
380 3842 451 3896 Non.
478 3842 531 3904 IV,
556 3841 615 3894 128.
640 3857 667 3907 p.
691 3839 753 3904 2823
795 3842 864 3893 situs
882 3841 973 3893 docet.

187 3923 232 3976 20.
256 3924 284 3972 et
308 3921 377 3982 XII,
400 3918 444 3970 48.
468 3935 496 3984 p.
515 3919 582 3979 530,
606 3917 651 3970 30.
668 3918 752 3968 Mene.
829 3919 876 3970 Fr.
889 3916 945 3984 83.]
964 3920 1035 3970 Nou.
1049 3918 1108 3981 111,
1127 3917 1170 3970 96.
1190 3934 1218 3983 p.
1233 3917 1294 3981 206,
1315 3919 1357 3970 16.

187 3999 322 4052 Sertorius
339 4013 432 4062 pugna
450 3997 543 4063 aliqua
560 3997 637 4048 fusus
653 3997 752 4061 Hispa·
793 3998 876 4049 Mero.
894 3996 1015 4060 Pompei.
1030 4001 1174 4049 comment.
1190 4000 1242 4047 art.
1255 3997 1358 4048 Donat.
1379 4029 1382 4036 ·

186 4093 281 4130 uorum
300 4075 391 4126 studio
410 4079 549 4136 servatum
574 4075 610 4128 oi.
628 4074 701 4126 Plut.
722 4076 750 4125 in
792 4090 820 4140 p.
846 4075 903 4126 152.
922 4073 1002 4125 Lind.
1026 4075 1131 4135 Mens,
1154 4073 1201 4125 ubi
1224 4089 1267 4125 res
1285 4074 1357 4126 bello

185 4157 289 4207 Sortes.
314 4170 337 4204 c.
360 4154 393 4204 14
416 4156 486 4205 extr.
511 4153 587 4204 Serv.
612 4153 647 4204 ad
671 4154 749 4220 Virg.
791 4157 915 4216 raptaea
929 4151 1093 4202 Sertorianis
1108 4152 1239 4203 militibus
1258 4153 1357 4204 vende-

184 4233 254 4283 Aen.
273 4234 325 4295 IX,
343 4231 403 4282 558.
792 4230 905 4294 bantur,
925 4229 1010 4279 fuisse
1032 4229 1141 4280 videtur
1162 4230 1293 4293 Dianium
1316 4231 1353 4284 cf.

216 4312 299 4369 postte
315 4307 390 4356 turba
407 4305 569 4370 morantibus]
596 4305 616 4356 i.
634 4321 658 4356 e.
678 4321 749 4369 qurum
793 4305 848 4356 (lic.
872 4307 900 4355 in
922 4307 999 4357 Verr.
1023 4307 1060 4368 V,
1077 4305 1135 4367 56,
1167 4305 1226 4361 146.
1257 4309 1356 4360 Strabo

182 4389 276 4445 portae
292 4396 383 4431 moram
397 4383 516 4446 facerent
532 4383 585 4446 (sc.
605 4382 686 4445 lagae
704 4381 748 4432 vel
790 4382 842 4433 111.
863 4397 889 4446 p.
910 4381 971 4434 239.
990 4383 1023 4432 Β.
1042 4382 1138 4432 Almol.
