3028 4852
427 306 606 374 cnrrnrns.
637 305 667 351 e.
691 303 814 352 xxvrn.
839 305 936 352 xxix.
960 305 1044 353 xxx.
1276 291 1316 352 67

233 463 341 526 XXIX.
386 463 429 523 Ea
453 481 538 542 quum
560 461 697 523 Ciceroni
722 461 935 537 nuntiarentur,
962 460 1079 540 ancipiti
1101 459 1177 519 malo
1204 474 1318 538 perme-

148 584 211 652 tus,
244 574 321 654 quod
349 594 445 655 neque
471 572 571 634 urbem
601 571 637 632 ab
663 573 774 632 insidiis
803 572 917 650 private
947 570 1071 630 consilio
1099 570 1216 648 longius
1245 568 1318 628 tueri

148 693 281 764 poterat,
311 703 407 765 neque
430 685 577 746 exercitus
599 683 686 742 llanli
710 689 832 760 quantus
855 688 902 738 aut
924 696 981 757 quc
1005 679 1128 739 consilio
1151 680 1228 739 iuret
1250 681 1319 739 satis

149 805 330 874 compertum
348 796 490 872 habebat,
513 812 575 852 rem
598 793 634 852 ad
656 800 785 850 senatum
808 789 915 865 relert,
939 790 994 848 iam
1016 798 1100 850 antea
1122 791 1204 868 volgi
1224 807 1319 849 rumo-

36 911 39 922 '
120 905 228 964 tribus
251 908 438 984 exagitatum.
482 902 600 979 ltaque,
632 898 708 981 quod
732 900 903 979 plerumque
927 899 954 958 iu
977 902 1069 962 atroci
1091 901 1212 978 negotio
1232 879 1354 979 solet*

149 1027 267 1078 senatus
294 1017 442 1091 decrevit,
470 1013 572 1072 darent
595 1029 715 1090 operam
740 1009 895 1086 consules,
924 1012 1051 1090 nequid
1078 1012 1246 1089 respublica
1270 1012 1319 1072 de·

120 1129 274 1187 atrimenti
298 1135 429 1205 caperet.
473 1122 517 1182 Ea
539 1130 670 1201 potestas
692 1139 746 1199 per
765 1129 895 1180 senatum
917 1139 998 1180 mure
1016 1122 1148 1182 Romano
1169 1124 1320 1200 magistra-

147 1242 188 1299 tui
208 1257 339 1298 maxuma
360 1236 548 1317 permittitur,
572 1232 731 1291 exercitum
756 1249 878 1309 parare,
901 1230 1008 1292 bellum
1031 1251 1153 1310 gerere,
1177 1250 1319 1291 coercere

148 1348 281 1409 omnibus
302 1349 395 1411 modis
416 1346 515 1406 socios
537 1351 625 1421 atque
648 1341 737 1416 civis,
760 1339 837 1400 domi
859 1342 1036 1420 militiaeque
1060 1343 1209 1422 imperium
1233 1351 1320 1420 atque

136 1461 284 1521 iudicium
303 1477 441 1520 summum
464 1454 590 1522 habere;
621 1451 705 1511 aliter
727 1450 789 1510 sine
813 1452 914 1531 populi
934 1453 1012 1511 iussu
1032 1451 1137 1512 nullius
1156 1471 1253 1512 earum
1275 1470 1320 1512 re·
1377 1426 1379 1432 ,

148 1590 209 1630 rum
230 1571 343 1632 consuli
365 1572 409 1629 ius
432 1577 487 1628 cst.

233 1680 327 1742 XXX.
372 1680 443 1740 Post
466 1693 578 1756 paucos
604 1674 666 1733 dies
688 1670 719 1730 L.
743 1671 865 1731 Saenius
894 1683 1020 1746 senator¹
1041 1676 1068 1734 in
1098 1682 1199 1734 senatu
1221 1673 1322 1734 literas

149 1792 300 1868 recitavit,
324 1809 396 1870 quas
414 1787 548 1850 Faesulis
567 1785 670 1845 allatas
692 1780 747 1839 sibi
767 1779 897 1858 dicebat,
920 1784 946 1841 in
968 1783 1071 1862 quibus
1090 1784 1228 1862 scriptum
1249 1791 1321 1860 erat,

150 1899 184 1960 C.
205 1900 341 1961 Manlium
361 1919 438 1962 arma
460 1897 577 1976 cepisse
601 1913 665 1954 cum
688 1908 791 1968 magna
812 1890 991 1952 multitudine
1012 1903 1077 1953 ante
1098 1893 1173 1953 diem
1192 1891 1242 1952 Vl.
1265 1891 1321 1951 Xa-

122 2010 251 2074 nlendas
272 2010 458 2092 Novembris.
503 2006 610 2083 Simul,
644 2003 672 2063 id
695 1999 772 2080 quod
798 2001 826 2059 in
854 2001 904 2060 tali
927 2020 959 2062 re
986 2001 1080 2079 solet,
1109 2003 1159 2063 alii
1186 2009 1322 2081 portenta

61 2149 64 2154 ·
150 2130 237 2199 atque
265 2122 399 2201 prodigia
429 2117 613 2192 nuntiabant,
641 2112 689 2173 alii
713 2119 874 2170 conventus
899 2113 979 2191 lieri,
1007 2132 1084 2174 arma
1113 2113 1238 2193 portari,
1269 2109 1323 2170 Ca-

123 2244 226 2310 3puac
253 2242 340 2313 atque
363 2233 391 2292 in
412 2231 520 2312 Apulia
542 2225 649 2288 servile
673 2220 781 2281 bellum
803 2225 924 2283 moveri.
968 2224 1061 2302 Igitur
1088 2227 1180 2294 senati
1202 2223 1323 2283 decreto
1355 2262 1356 2266 ,

152 2343 188 2418 Q.
211 2342 337 2403 Marcius
357 2344 423 2404 Rex
443 2340 602 2414 Faesulas,
632 2335 668 2409 Q.
688 2329 824 2392 Metellus
844 2332 977 2394 Creticus
998 2335 1025 2393 in
1046 2333 1181 2415 Apuliam
1203 2334 1323 2393 circum·
1354 2403 1357 2410 Ι

149 2529 273 2580 scelestis
286 2531 418 2582 Catilinae
433 2529 555 2583 consiliis
568 2524 665 2576 certior
678 2521 716 2569 fa·
759 2525 923 2584 potestatem
936 2521 1053 2587 intelligi
1064 2522 1165 2583 velint,
1177 2509 1249 2571 haud
1262 2535 1324 2568 raro

150 2613 211 2658 ctus
228 2612 255 2658 et
273 2609 307 2658 ad
326 2610 508 2660 decernendum
523 2605 668 2657 excitatus.
759 2600 890 2665 singulari
913 2603 1040 2661 utuntur3
1072 2600 1106 2650 cf.
1134 2601 1188 2650 Cic.
1214 2600 1243 2646 in
1266 2597 1323 2646 Pis.
1344 2651 1346 2658 ,

185 2695 210 2747 2,
230 2694 303 2760 solet]
324 2696 457 2747 Absolute
477 2695 596 2761 positum
613 2685 716 2754 signifi·
760 2679 808 2740 ll,
836 2679 878 2730 24.
905 2677 1025 2741 Magnum
1048 2693 1133 2728 conten
1154 2684 1206 2735 est,
1234 2690 1326 2739 magua

150 2777 195 2822 cat
221 2775 372 2824 consuetudo
395 2783 447 2832 est,
470 2775 488 2824 i.
512 2790 536 2824 e.
555 2771 615 2834 fieri
637 2767 717 2817 coleh·
758 2759 871 2820 species,
888 2772 978 2820 magna
995 2758 1117 2820 diprritas,
1143 2769 1233 2816 magun
1250 2755 1326 2802 anaie-

149 2853 185 2902 ef·
201 2851 260 2902 Oai·
280 2851 329 2914 30,
354 2855 380 2907 2.
413 2855 473 2919 Ing.
500 2853 547 2914 15,
572 2852 598 2901 5.
623 2848 671 2906 25,
690 2843 714 2893 3.
757 2844 812 2886 stas
830 2835 980 2887 consulis.
1007 2833 1043 2884 ib.
1066 2830 1088 2891 ἕ.
1111 2829 1153 2880 26.
1177 2831 1285 2894 Ecquod
1301 2832 1326 2878 in

151 2929 195 2992 59,
215 2927 240 2981 3.
260 2929 303 2992 66,
323 2932 347 2980 2.
758 2912 806 2960 bac
822 2909 883 2960 urbe
901 2911 980 2958 maists
995 2922 1099 2970 unquam
1115 2907 1252 2955 incendium
1267 2907 1326 2970 suit,

186 3017 280 3065 durent
292 3011 406 3078 operum]
419 3014 462 3062 De
473 3019 500 3060 ct
511 3007 646 3074 particula
656 3008 719 3069 post
759 2991 800 3038 ⁶²⁴5
816 3003 864 3037 '²⁰²¹
883 2987 996 3034 ⁶⁰⁷l⁸²¹l
1011 2983 1160 3032 1444844714·

149 3093 327 3156 praecipiendi
342 3089 506 3142 etmtadeadi
517 3087 601 3137 verba
619 3082 720 3135 omissa
795 3085 880 3136 XXX.
908 3083 932 3130 2.
953 3085 1075 3142 portenta
1096 3085 1173 3140 atque
1193 3071 1325 3138 prodigia]

152 3169 189 3219 ci.
204 3168 263 3219 Cat.
279 3169 322 3232 32,
338 3171 363 3220 2.
385 3170 446 3233 Iug.
457 3166 500 3229 28,
517 3166 540 3216 1.
557 3164 600 3226 35,
615 3165 640 3213 2.
654 3166 681 3212 et
692 3163 718 3210 4.
761 3163 813 3213 Illa
830 3176 873 3210 res
887 3159 959 3210 diras
972 3160 1053 3220 atque
1066 3154 1243 3218 perniciosas,
1258 3152 1325 3202 haec

117 3306 119 3311 ¹
152 3247 195 3304 56,
216 3248 241 3299 2.
261 3248 304 3309 75,
324 3247 350 3297 5.
761 3253 875 3305 magnas
905 3241 987 3301 atque
1017 3230 1143 3282 insolitas
1172 3229 1326 3296 significare

187 3332 212 3383 3.
229 3347 328 3395 parare
341 3345 479 3395 -perere
496 3323 562 3392 etc]
587 3323 721 3375 infinitivi
762 3316 950 3370 credebantur.

154 3411 335 3476 appositionis
354 3408 382 3459 vi
402 3407 436 3464 ad
454 3402 645 3471 praecedentia
661 3401 722 3451 illu·
794 3397 905 3464 portam]
923 3398 941 3449 i.
960 3411 983 3444 e.
1003 3391 1180 3458 comportari,
1200 3392 1326 3454 conferri,

154 3489 268 3538 stranda
288 3488 439 3552 pertinent,
464 3501 517 3550 quo
541 3481 719 3547 intelligatur,
762 3480 790 3529 in
808 3479 884 3529 varia
908 3474 970 3525 loca
990 3471 1075 3530 mitti,
1099 3469 1134 3520 cf.
1155 3469 1213 3519 (lat.
1232 3471 1279 3532 24,
1299 3470 1325 3520 2.

154 3581 202 3616 cur
218 3573 330 3628 potestas
345 3563 394 3613 illa
412 3563 519 3614 dicatur
535 3575 661 3611 muoecma.
763 3558 822 3620 Ing.
839 3555 882 3616 27,
896 3555 921 3605 5.
934 3550 977 3613 36,
992 3550 1017 3599 1.
1053 3547 1155 3616 Eadem
1170 3547 1326 3598 senescat.

189 3649 273 3715 aliter]
294 3652 313 3701 i.
328 3666 351 3700 e.
371 3650 506 3715 alioquin,
526 3648 586 3698 aliis
600 3648 628 3696 in
640 3645 720 3696 rebus
761 3635 809 3695 42,
828 3633 853 3682 2·
873 3631 1000 3681 dicuntur
1019 3641 1142 3686 armorum
1168 3627 1242 3689 44444
1267 3630 1328 3675 4410·

155 3726 308 3792 atquealio
326 3731 459 3793 tempore3
489 3725 525 3776 cf.
545 3726 606 3777 Cat.
626 3726 676 3787 44,
696 3722 719 3771 l·
760 3709 1044 3771 WWPOriaiionet·

155 3807 228 3856 Hist.
242 3805 289 3855 Fr.
305 3805 328 3868 1,
344 3805 387 3856 43.
406 3806 430 3868 Ι,
449 3803 509 3856 100.
797 3794 823 3846 3.
844 3795 872 3856 Q.
893 3793 1010 3842 Marcius
1025 3786 1095 3853 Rex]
1116 3784 1216 3837 Consul
1234 3784 1286 3832 fuit
1301 3799 1326 3834 a.

190 3889 485 3956 nulliaseurumremm]
505 3885 648 3941 Sententia
666 3882 721 3931 est:
763 3872 806 3923 68.
826 3887 850 3920 a.
873 3870 934 3920 Chr.
953 3885 981 3921 n.
1006 3863 1080 3932 (686.
1100 3879 1127 3913 u.
1152 3860 1191 3923 c.)
1215 3876 1275 3911 cum
1295 3861 1327 3909 L.

156 3967 261 4022 consuli
277 3983 333 4018 non
356 3966 443 4017 selum
460 3967 646 4017 universarum
664 3957 723 4006 illa·
765 3951 845 4000 eaeo.
857 3946 977 3998 Metello.
996 3941 1127 3994 Annossi.
1140 3939 1262 3989 Ciliciam
1281 3935 1329 3985 ad-

157 4065 215 4100 rum
233 4046 450 4098 rerumiusnon
469 4050 528 4108 est,
546 4041 724 4094 selincuriae
765 4024 932 4076 ministravit
959 4019 1006 4086 (ci.
1031 4020 1104 4069 Hist.
1127 4018 1173 4066 Fr.
1196 4016 1235 4075 V,
1264 4013 1329 4078 la),

157 4127 253 4193 quidem
272 4142 307 4176 eae
323 4125 383 4174 itb's,
765 4105 857 4170 ibique
880 4100 1017 4184 nonnullis
1035 4097 1114 4185 rebus
1137 4108 1264 4159 prospere
1286 4109 1330 4157 ge-

192 4201 298 4268 consuli]
318 4201 374 4252 Ubi
390 4200 419 4248 in
437 4196 591 4250 universnm
611 4191 644 4242 de
662 4205 724 4240 een·
765 4183 816 4232 stis
834 4177 999 4243 triumphum
1016 4176 1104 4239 petnt.

159 4280 262 4332 salibus
278 4280 317 4328 ita
335 4277 482 4341 loquuntur
494 4272 602 4334 Latini,
620 4273 651 4318 ut
669 4282 723 4316 non
800 4268 829 4330 Q.
846 4265 965 4314 Metellus
977 4253 1099 4320 Creticus]
1119 4251 1219 4303 Consul
1235 4252 1287 4302 fuit
1304 4265 1330 4300 a.

158 4365 216 4409 tem
233 4370 381 4423 personas,
400 4366 480 4418 quam
498 4350 615 4402 muneris
626 4348 681 4398 vim
696 4349 724 4396 et
765 4344 808 4396 69.
832 4358 857 4395 a.
879 4339 941 4390 Chr.
965 4353 993 4389 n.
1021 4331 1091 4400 (685.
1111 4346 1138 4382 u.
1163 4328 1199 4395 c.)
1219 4343 1278 4379 eum
1297 4327 1331 4390 Q.

1075 4417 1123 4475 5³6
