3070 4852
453 245 644 294 moueret.
675 247 705 297 c.
729 249 837 296 exvrr.
861 250 985 299 exunt.
1008 252 1104 301 exrx.
1298 246 1358 307 197

158 401 339 476 epermixta'
354 410 434 480 sunt,
459 421 522 462 eum
545 421 674 464 maxuma
699 423 767 464 eura
787 405 872 464 ultum
893 407 936 466 ire
957 408 1075 470 iniurias
1092 411 1219 473 festinat.
1254 412 1359 492 legio·

188 527 269 587 nem,
295 529 357 570 eum
378 529 434 590 qua
456 511 616 591 hiemabat,
640 522 668 572 et
691 532 775 592 quam
799 515 948 594 plurumos
972 529 1070 598 potest
1087 520 1226 582 Numidas
1244 523 1357 602 equites

187 621 298 698 pariter
321 639 384 680 eum
413 621 618 682 oeoasu‘solis
644 625 801 703 expeditos
823 625 936 704 educit,
967 638 995 688 et
1024 637 1146 709 postero
1169 632 1215 692 die
1239 633 1357 694 circiter

185 731 284 790 horam
306 732 418 792 tertiam
439 732 574 811 pervenit
594 733 622 792 iu
643 733 794 812 quamdam
818 736 979 815 planitiem,
1008 739 1083 798 loeis
1106 741 1193 820 paulo
1223 745 1357 822 superio-

153 839 263 904 :tribus
289 841 522 904 circumventam.
551 843 608 903 'lbi
636 843 743 903 milites
766 844 865 906 fessos
886 848 999 908 itineris
1025 850 1219 926 magnitudine
1242 861 1271 911 et
1298 852 1352 912 iam

183 949 333 1010 abnuentis
353 954 447 1013 omnia
470 955 574 1033 doeet,
603 953 741 1033 oppidum
764 955 877 1033 Vagam
900 957 1101 1037 non'amplius
1128 959 1195 1020 mile
1218 978 1354 1038 passuum

182 1059 303 1130 abesse;
328 1061 437 1124 deoere
459 1064 529 1124 illos
551 1064 693 1143 reliquum
715 1063 847 1124 laborem
870 1084 965 1144 aequo
988 1068 1083 1129 animo
1106 1071 1181 1149 pati,
1211 1069 1275 1130 dum
1297 1089 1351 1150 pro

183 1175 294 1234 civibus
319 1178 391 1254 suis,
420 1177 492 1235 viris
520 1174 694 1234 fortissumis
720 1182 808 1252 atque
839 1175 1033 1254 miserrumis,
1061 1197 1173 1258 poenas
1196 1191 1353 1259 caperent;

154 1295 338 1364 epraeterea
369 1283 507 1366 praedam
538 1283 665 1360 benigne
695 1293 831 1344 ostentat.
882 1286 930 1344 Sie
960 1286 1062 1364 animis
1091 1308 1191 1352 eorum
1219 1292 1351 1369 arrectis,

137 1409 141 1414 “
182 1396 347 1540 equitesbin
374 1395 467 1474 primo
490 1394 567 1470 late,
596 1393 711 1474 pedites
733 1413 818 1474 quam
843 1397 995 1456 artissume
1020 1399 1064 1458 ire
1093 1408 1122 1459 et
1143 1401 1227 1478 signa
1252 1399 1349 1461 oecul-

135 1533 138 1540 .
182 1490 244 1540 tare
268 1481 295 1539 iu
319 1488 357 1540 et.
1050 1515 1053 1522 .
1267 1517 1269 1522 .

265 1589 367 1650 LXIX.
412 1592 583 1667 Vagenses,
607 1589 656 1648 ubi
676 1590 798 1648 animum
822 1588 978 1674 advortere
998 1591 1034 1651 ad
1054 1611 1087 1652 se
1102 1611 1220 1654 vorsum
1238 1577 1352 1654 exerei-

180 1709 237 1760 tum
260 1719 404 1780 pergere,
434 1701 542 1779 primo,
572 1709 684 1760 uteret
706 1718 770 1776 res,
792 1698 1028 1760 llletellumesse
1050 1703 1125 1780 rati,
1148 1713 1249 1783 portas
1272 1703 1349 1764 elau·

180 1830 262 1880 sere;
296 1811 417 1888 deinde,
442 1809 490 1870 ubi
511 1829 606 1890 neque
631 1827 721 1888 agros
743 1811 865 1886 vastari,
898 1818 927 1868 et
949 1827 1016 1887 eos,
1041 1805 1089 1889 qui
1113 1813 1195 1891 primi
1217 1812 1348 1888 aderant,

179 1921 316 1981 Numidas
346 1897 460 2000 equites
488 1921 602 1998 vident,
635 1939 748 1980 rursum
774 1918 940 1996 Iugurtham
968 1918 1114 1998 arbitrati,
1151 1941 1214 2009 eum
1241 1938 1348 1999 magno

153 2007 288 2108 2gaudio
312 2031 390 2091 obvii
418 2030 589 2110 procedunt.
633 2029 755 2109 Equites
785 2029 976 2108 peditesque,
1004 2040 1127 2110 repente
1157 2033 1241 2109 signo
1268 2031 1347 2107 dato,

179 2140 226 2200 alii
250 2141 368 2218 volgum
390 2144 511 2204 effusum
536 2142 646 2223 oppido
669 2140 810 2217 saedere,
845 2139 892 2200 alii
913 2139 948 2200 ad
972 2150 1072 2220 portas
1092 2141 1250 2217 festinare,
1276 2158 1346 2219 pars

178 2252 264 2311 turris
283 2270 407 2332 capere,
429 2256 470 2315 ira
492 2264 578 2334 atque
601 2251 728 2332 praedae
748 2268 817 2329 spes
839 2250 1064 2338 amplius-,quam
1085 2248 1223 2334 lassitudo
1244 2265 1344 2327 posse.

150 2358 220 2433 3lta
247 2362 403 2439 Vagenses
430 2364 545 2424 biduum
574 2362 661 2424 modo
692 2379 730 2420 ex
758 2360 880 2440 perfidia
908 2359 1021 2431 laetati;
1052 2361 1153 2422 eivitus
1181 2377 1285 2437 magna
1316 2371 1346 2422 et

151 2471 303 2551 nepulens
330 2483 432 2544 cuneta
456 2493 571 2554 poenae
600 2483 648 2534 aut
673 2470 799 2552 praedae
822 2463 883 2530 fuit.
928 2471 1090 2550 Turpilius,
1121 2486 1206 2546 quem
1228 2471 1343 2556 praefe-

178 2591 253 2642 ctum
275 2585 377 2663 oppidi
397 2597 481 2645 urium
505 2605 542 2646 ex
570 2583 702 2646 omnibus
723 2581 891 2662 profugisse
915 2597 1001 2658 supra
1026 2578 1218 2656 ostendimus,
1248 2581 1343 2640 iussus

177 2693 337 2754 alletello
367 2713 499 2755 caussam
528 2694 643 2771 dicere,
682 2702 834 2771 postquam
862 2709 930 2750 sese
954 2679 1057 2766 ‘parum
1087 2696 1247 2765 expurgat,
1273 2706 1341 2750 eon·
1442 2702 1446 2710 ·

176 2895 209 2928 ex
225 2881 332 2943 festinet
350 2884 416 2945 epis
430 2881 477 2930 vix
490 2881 579 2932 differt
594 2896 610 2931 e
624 2877 741 2945 simplici
780 2875 854 2924 nine:
874 2875 940 2923 etellt
956 2875 981 2922 in
999 2869 1147 2936 Astesieltt).·
1163 2871 1199 2923 ef.
1219 2871 1280 2938 Iug.
1295 2873 1339 2936 23,

176 2957 258 3006 verbo
275 2958 371 3008 ulcisci.
782 2952 806 3001 l.
825 2948 870 3009 66,
892 2949 916 2996 l.
970 2979 972 2985 ·
1205 3021 1207 3025 .

210 3036 236 3084 2.
252 3031 429 3098 paritereum]
442 3035 484 3084 De
498 3034 626 3098 temporis
640 3047 739 3098 sequa·
813 3029 839 3074 4·
867 3017 1004 3096 6976110]
1035 3022 1061 3070 Ρ
1060 3024 1155 3079 fimum.
1169 3039 1251 3090 quum
1274 3023 1338 3074 sub·

174 3111 253 3160 litnte
279 3110 381 3160 dictum
405 3114 460 3172 05t3
491 3111 527 3161 cf,
553 3113 614 3176 lug,
637 3112 686 3174 η,
712 3111 737 3163 1,
778 3098 1025 3172 stantivepositum
1043 3100 1093 3162 sit,
1114 3102 1336 3152 sensushioest:

177 3186 241 3249 106,
260 3187 285 3238 5.
463 3199 467 3206 ·
561 3199 562 3204 ¹
637 3187 640 3195 ’
776 3177 892 3238 inpriore
909 3177 1078 3254 agmineref.
1102 3179 1163 3229 Liv.
1182 3181 1222 3256 X,
1240 3180 1289 3242 41,
1309 3179 1336 3256 6,

212 3267 314 3316 circiter
332 3265 419 3315 doram
442 3263 551 3330 tertiam]
579 3266 621 3316 Ex
644 3268 737 3315 nostre
776 3253 855 3302 Arma
871 3255 990 3318 signoque
1004 3251 1196 3330 flei’iurdt'dssm
1213 3259 1290 3307 lucem
1306 3258 1337 3306 t'n

173 3345 281 3394 ratione
298 3344 355 3395 fere
374 3345 441 3395 hora
458 3352 556 3396 oetaeo.
771 3329 877 3391 lirim
894 3331 1064 3394 apparebant·

212 3431 237 3492 3·
256 3427 347 3494 omnia]
371 3428 594 3494 Coniungendum
612 3439 672 3474 oum
690 3419 734 3496 ud·
808 3404 869 3472 tote]
884 3409 1049 3461 testimonis
1061 3411 1203 3466 ordinibus:
1217 3410 1338 3463 cf.Hist.

176 3509 282 3559 neentis.
773 3481 818 3534 Fr.
845 3485 873 3548 1,
899 3478 942 3540 93.
967 3489 1055 3555 Neque
1077 3481 1143 3540 late
1169 3497 1214 3540 ont
1234 3505 1337 3540 securus

208 3580 398 3648 mileposeunon]
420 3581 485 3631 Mile
496 3579 582 3644 primo
592 3573 623 3650 st
636 3576 733 3640 quarto
770 3562 830 3613 ire·

174 3679 241 3714 nasu
251 3660 327 3710 houd
339 3675 399 3709 raro
410 3657 606 3708 substantivum
617 3654 659 3701 est
672 3665 732 3700 eum
809 3649 907 3715 LXIX.
926 3649 952 3700 3.
971 3667 1007 3701 eoo
1019 3677 1020 3682 =
1027 3649 1148 3715 perfidia]
1172 3667 1198 3701 v.
1219 3651 1254 3701 ad
1273 3651 1334 3704 Oet,

173 3741 295 3808 genitivo
314 3738 450 3793 iunetum3
475 3734 510 3782 of.
529 3731 597 3794 Nep.
615 3727 687 3779 Mitt.
707 3729 734 3790 5,
774 3727 805 3786 4,
827 3724 851 3774 1.

174 3822 198 3871 1.
218 3819 260 3869 Ea
277 3817 347 3865 ntile
364 3813 430 3861 misit
449 3810 589 3858 rnilitum.
617 3806 679 3857 Liv.
699 3805 733 3867 V,
806 3816 904 3862 poenae
923 3829 954 3840 -
972 3801 1032 3867 fuit]
1055 3804 1158 3852 Poenae
1178 3801 1246 3861 esse,
1262 3799 1335 3866 quod

172 3897 220 3958 26,
240 3898 265 3948 5.
286 3891 319 3942 M
323 3893 367 3942 ile
386 3889 445 3950 sere
466 3900 622 3948 passarum
639 3882 734 3946 adop·
771 3889 820 3942 per
837 3893 867 3928 se
879 3879 925 3927 vix
937 3878 1049 3940 dieitur,
1069 3877 1270 3928 exeusationem
1287 3878 1335 3946 hq-

168 3975 231 4036 pido
251 3976 339 4020 eastra
359 3969 452 4015 locant.
475 3991 511 4001 -
533 3962 601 4011 Post
627 3962 733 4022 onnpline
770 3957 818 4006 bet
837 3956 871 4007 ab
892 3955 1001 4006 odiente
1019 3955 1106 4005 altera
1122 3953 1242 4004 dictione
1257 3969 1335 4018 proe-

171 4050 301 4102 omissum
319 4058 401 4109 quom.
431 4060 436 4070 ·
771 4035 821 4084 dae
843 4049 912 4097 esse,
937 4033 1005 4082 satis
1027 4031 1075 4081 ille
1102 4031 1183 4108 tritep
1209 4032 1244 4082 ef.
1272 4032 1333 4082 Cet.

204 4121 270 4188 dum]
296 4123 314 4172 i.
339 4136 364 4170 e.
385 4115 543 4177 dummodo;
568 4114 603 4165 of.
624 4113 685 4164 Oet.
704 4113 730 4176 5,
770 4113 814 4176 21,
831 4115 857 4164 4.
880 4111 923 4173 48,
945 4114 969 4162 2.
1000 4111 1103 4165 Poenae
1117 4116 1210 4182 uersat,
1230 4112 1277 4176 qui
1295 4112 1336 4160 in-

170 4201 196 4252 6.
222 4202 270 4262 14,
287 4199 314 4250 6.
337 4197 386 4260 40,
404 4199 430 4247 4.
768 4189 988 4251 terfieiebanfur,
1022 4188 1152 4249 praedae,
1189 4189 1235 4253 qui
1261 4187 1335 4256 eapti

204 4273 324 4341 ostentat]
355 4275 374 4327 i.
400 4290 424 4326 e.
447 4269 583 4338 promittit
606 4267 732 4334 (Germo-
772 4265 972 4319 vendebantur.
1010 4331 1014 4336 Ι
