3024 4852
70 325 73 329 -
172 285 212 345 76
508 370 510 374 .
579 301 610 351 c.
635 303 804 384 snunusuu
827 306 939 357 crustu

169 465 218 516 aut
241 456 352 518 lacinus
373 457 459 519 domo
490 460 658 540 expulerat,
689 461 709 521 ii
732 461 853 523 Romam
875 467 950 529 sicut
975 469 1004 530 in
1026 473 1167 535 sentinam
1194 479 1343 541 oonlluxe·

170 575 242 626 rant.
286 567 397 629 Deinde
418 571 498 631 multi
516 590 662 632 memores
684 571 820 634 Sullanae
840 579 1000 659 victoriae,
1031 585 1109 662 quod
1134 606 1173 646 ex
1192 595 1371 669 gregoriisss

168 677 305 739 militibus
331 680 404 741 alios
427 669 758 765 senatoreslvtdebanu,
787 687 863 749 alios
886 690 923 750 ita
945 691 1067 774 divites,
1097 705 1127 756 ut
1149 701 1234 778 regio
1262 705 1341 765 victu

167 797 255 867 atque
280 790 356 851 cultu
384 803 508 856 aetatem
538 783 676 875 agerent,
706 797 761 858 sibi
791 800 928 880 quisque,
958 804 1037 864 siin
1066 809 1154 868 armis
1178 810 1273 892 foret,
1303 833 1341 876 ex

168 900 291 961 victoria
313 903 378 964 talia
404 906 550 984 sperabat.
595 908 751 970 Praeterea
777 911 925 990 inventur,
956 932 1030 993 quae
1055 919 1083 978 in
1104 921 1186 997 agris
1207 940 1367 989 manuumt

166 1011 305 1072 mercede
334 1015 457 1093 inopiam
485 1017 678 1097 toleraverat,
717 1021 836 1110 priuatis
865 1033 952 1103 atque
983 1026 1108 1105 publicis
1137 1009 1339 1110 largitionibus

167 1091 433 1186 emba'llbunun-
457 1128 543 1188 otium
572 1130 687 1205 ingrato
717 1130 810 1194 labori
838 1135 1029 1212 praetulerat;
1064 1158 1117 1200 eos
1148 1151 1236 1222 atque
1263 1147 1338 1210 alios

166 1235 259 1295 omnis
286 1227 389 1296 malum
419 1237 564 1316 publicum
593 1241 701 1302 alebat.
747 1244 812 1320 Quo
834 1247 926 1305 minus
953 1249 1110 1310 mirandum
1141 1263 1185 1314 est
1207 1256 1366 1328 hominess

165 1348 298 1424 egentis,
321 1348 404 1408 malis
426 1348 571 1430 northus,
594 1371 725 1414 maxuma
748 1373 819 1434 spe,
841 1357 1023 1435 reipublicae
1039 1361 1116 1423 iuxta
1136 1373 1172 1424 ac
1192 1367 1247 1427 sibi
1268 1389 1335 1431 con-

165 1455 300 1518 suluisse.
351 1457 507 1522 Praeterea
546 1480 666 1541 quorum
701 1465 824 1528 victoria
863 1467 963 1529 Sullae
998 1483 1135 1551 parentes
1169 1482 1365 1560 proscriptio

74 1587 76 1590 ·
165 1567 242 1629 bona
270 1579 387 1649 erepta,
417 1572 461 1631 ius
484 1573 625 1635 libertatis
655 1577 828 1637 imminutum
854 1588 929 1658 erat,
960 1581 1035 1642 haud
1064 1603 1134 1644 saue
1155 1587 1213 1650 allo
1240 1593 1335 1653 animo

163 1679 232 1739 belli
257 1690 389 1742 eventum
410 1685 631 1764 exspectabant.
677 1687 723 1747 Ad
745 1686 803 1748 boo
832 1690 1006 1771 quicumque
1032 1695 1150 1757 aliarum
1178 1709 1378 1780 atquem-10

162 1802 245 1852 nutus
265 1794 384 1872 partinm
406 1805 501 1874 erant,
526 1796 693 1858 conturbari
713 1799 923 1880 rempublicam
942 1821 1025 1880 quam
1043 1808 1135 1868 minus
1156 1810 1259 1872 valere
1279 1815 1334 1894 ipsi

161 1904 313 1965 malebant.
347 1907 379 1966 Id
397 1906 471 1967 adeo
495 1907 597 1967 malum
616 1909 722 1970 multos
746 1920 812 1991 post
833 1931 925 1972 annos
946 1915 974 1974 in
991 1917 1134 1979 civitatem
1155 1932 1329 1984 revorterat.
1343 1935 1373 1984 ll

246 2016 408 2078 XXXVIII.
451 2018 525 2080 Nam
555 2028 708 2098 postquam
731 2019 783 2083 Cn.
806 2022 947 2102 Pompeio
977 2036 1006 2086 et
1027 2027 1066 2088 Μ.
1091 2029 1199 2330 Operose
1228 2052 1331 2094 consu·

195 2202 220 2252 o.
240 2205 308 2268 repio
320 2209 385 2255 uictu
396 2213 472 2270 atquc
484 2205 561 2271 cultu]
574 2223 601 2258 u.
616 2206 651 2256 ad
664 2207 725 2261 eat.
767 2176 893 2262 ordinis
927 2217 1112 2266 sustineren

161 2276 248 2340 lo,4.
273 2283 361 2333 Victus
377 2283 411 2333 de
430 2283 483 2333 cibi
501 2287 635 2349 potusque
661 2286 725 2337 deli·
761 2291 953 2354 perderent.

159 2355 222 2417 ciis,
242 2360 321 2408 cultus
337 2360 370 2410 de
388 2361 514 2410 universo
531 2366 637 2414 ceterae
649 2365 723 2414 vitae
801 2385 841 2436 Π,
860 2389 947 2436 „lupos
955 2395 1016 2449 post
1028 2385 1119 2451 mmo]
1135 2375 1223 2448 Quum'
1235 2389 1331 2440 turbae

157 2438 257 2498 Paratu
275 2441 302 2486 ei
322 2436 459 2503 elegi-ntil'·
478 2439 635 2502 capiendus.
764 2462 857 2512 civiles
876 2461 1014 2530 uunquam
1032 2399 1120 2518 ucula
1140 2467 1257 2518 tribunis
1276 2486 1331 2520 mo-

190 2530 214 2580 7.
231 2527 404 2594 praetulerat]
423 2531 541 2582 Verbum
555 2548 609 2582 uon
622 2537 723 2600 pendet
762 2543 808 2588 tae
832 2542 951 2593 coercita
979 2559 1026 2608 por
1046 2542 1149 2594 Sullam
1174 2542 1212 2608 (a.
1235 2547 1278 2596 81.
1303 2563 1328 2598 a.

157 2623 189 2656 ex
209 2624 286 2672 qnae,
312 2609 359 2659 sed
384 2625 416 2659 ex
432 2611 544 2661 iuuentus
564 2628 641 2664 voce.
677 2616 721 2665 Ita
763 2617 825 2669 Chr.
849 2619 887 2684 n.)
911 2622 1057 2672 tribunicia
1080 2627 1218 2688 potestate
1242 2643 1329 2692 paone

157 2690 248 2736 autem
266 2685 430 2737 distinentur
448 2687 500 2738 duo
518 2688 723 2758 plusquamper-
762 2698 983 2762 conticuissent,
998 2702 1045 2752 sed
1065 2703 1158 2753 eadem
1181 2722 1229 2770 per
1251 2710 1329 2758 Pom·

157 2764 244 2827 lecta,
270 2769 305 2818 -ut
330 2765 364 2816 ad
385 2771 541 2818 toleraverat
563 2771 721 2835 suppleatur
760 2775 850 2838 poium
869 2777 908 2841 (a.
922 2777 975 2844 70.)
995 2780 1123 2832 restituta
1141 2798 1234 2836 rursus
1254 2801 1329 2836 exar-

156 2852 245 2904 antea,
270 2845 304 2896 ad
320 2847 480 2910 praetulerat
497 2849 586 2898 mente
605 2848 722 2900 addatur
762 2853 917 2917 denserent,
945 2860 1064 2921 spatium
1086 2861 1257 2926 significatur
1278 2881 1327 2914 un-

153 2939 233 2988 neque
251 2927 355 2988 emptius
373 2941 484 2974 munuum
505 2927 619 2976 mercede
633 2931 719 2988 uictum
761 2932 847 2982 decim
865 2949 1006 2986 annorum.
1037 2937 1070 2986 Id
1086 2943 1175 2990 multos
1191 2959 1271 2994 annos
1289 2944 1327 2994 di-

154 3005 300 3068 quocrcbut.
759 3011 799 3062 cit
818 3015 928 3075 auctor,
947 3014 1007 3064 sivo
1021 3019 1086 3080 qula
1102 3034 1165 3082 pars
1182 3022 1236 3073 fuit
1252 3026 1326 3076 vitae

1140 2253 1154 2280 „
1190 2227 1221 2269 et
1253 2224 1332 2304 tura

188 3089 240 3156 eos]
260 3092 313 3141 Per
329 3090 439 3154 synesin
451 3090 567 3140 refertur
584 3090 620 3140 ad
634 3094 719 3142 iuuen-
760 3104 841 3152 suae,
860 3089 918 3139 sive
934 3091 997 3155 quia
1014 3093 1126 3146 insolita
1139 3099 1264 3151 undecim
1280 3119 1326 3152 au-

156 3175 209 3225 tur,·
227 3184 254 3218 v.
272 3167 308 3216 ad
326 3167 384 3217 Cat.
405 3167 430 3228 7,
450 3169 475 3217 4.
697 3204 701 3210 .
759 3184 855 3218 norum
874 3168 952 3234 quies
976 3169 1011 3220 ad
1028 3179 1187 3238 perpetuam
1206 3183 1325 3244 partium

188 3262 276 3308 mutuum
285 3256 419 3322 publicum]
436 3258 454 3306 i.
466 3273 489 3308 e.
505 3257 654 3308 dissolutus
667 3259 718 3308 rei.
758 3247 962 3297 contentionem
983 3253 1111 3302 multorum
1135 3269 1267 3308 annorum
1285 3260 1326 3309 vi-

153 3335 278 3400 publicao
312 3335 404 3384 morbo
437 3333 589 3400 laborantis
617 3342 716 3400 status,
758 3323 816 3375 defi
833 3327 950 3387 P⁰l0rab
1336 3338 1341 3348 ·

154 3411 471 3478 damnumreipublicae3
491 3413 526 3464 cf.
543 3414 602 3466 Cat.
616 3416 658 3479 51,
672 3415 714 3467 32.
795 3416 950 3466 XXXVIII.
982 3417 1006 3468 l.
1039 3420 1083 3470 Cn.
1107 3423 1240 3498 Pompeio(
1258 3427 1322 3492 etc]

152 3491 227 3542 Hifli·
245 3489 291 3539 Fr·
308 3489 331 3550 1²
351 3487 392 3551 56,
412 3487 454 3540 19·
756 3493 834 3543 Anno
853 3491 895 3544 70.
916 3509 941 3545 a.
962 3494 1024 3547 Chr.
1044 3513 1070 3548 n.
1090 3498 1161 3561 (684.
1180 3517 1206 3553 u.
1227 3503 1277 3568 0,),

186 3582 211 3634 8.
229 3583 305 3632 iuxta
323 3580 363 3646 uc]
383 3582 402 3633 i.
421 3597 444 3632 e.
464 3583 567 3647 pariter
584 3584 668 3647 mala;
687 3603 714 3639 v.
790 3599 904 3634 stammam
924 3584 1083 3651 potestatem]
1105 3586 1204 3640 Summa
1225 3593 1325 3645 dicitur

150 3659 185 3711 ad
203 3659 263 3710 Cat.
283 3661 312 3723 2,
328 3661 352 3712 8.
368 3661 416 3720 61,
436 3659 460 3712 6.
478 3661 575 3734 ‘Cuncti
591 3679 653 3714 suae
672 3664 713 3714 lo·
755 3665 891 3724 potestas,
911 3662 989 3711 cuius
1009 3679 1060 3727 ope
1079 3679 1183 3716 summa
1198 3684 1322 3738 quaeque

149 3742 268 3803 otiumque
279 3739 346 3789 ottae
357 3742 367 3789 i
371 3747 452 3790 unctu
461 3751 640 3803 pepercerant.
651 3745 712 3810 Iug.
757 3737 857 3788 audere
876 3743 903 3789 el
922 3739 1011 3789 moliri
1026 3746 1148 3806 possent.

149 3819 193 3880 85,
213 3815 255 3868 33.
786 3823 857 3889 fieri]
879 3827 941 3877 Non
958 3826 1058 3890 pendet
1080 3844 1114 3878 ex
1129 3845 1248 3895 coepere,
1273 3837 1321 3888 aed

182 3910 207 3963 9.
226 3914 265 3962 ius
281 3911 407 3962 libertatis
420 3909 575 3976 imminutum]
595 3913 628 3963 cl.
643 3913 712 3966 Vell.
754 3891 905 3953 infinibili&
925 3908 967 3953 ⁰⁵t
984 3905 1141 3958 hiSiOfissllfl·
1274 3981 1279 3990 ⁵

148 3991 191 4053 ΙΙ,
210 3993 258 4055 28,
280 3992 305 4044 3.
332 3993 462 4042 Adiectum
487 3995 573 4051 etiam,
598 4001 625 4042 ut
647 3996 711 4046 boun
789 3996 815 4044 2.
838 3999 921 4046 senati
936 4001 1019 4060 specie
1042 3999 1107 4065 cte]
1134 4001 1241 4067 Insigni
1262 3995 1320 4053 ver-

143 4073 341 4131 proscrr'ptorum
363 4072 487 4128 uenirent,
521 4073 712 4138 exclusique
753 4071 847 4121 borum
873 4075 1009 4126 brevitate
1036 4081 1162 4129 coartata
1184 4083 1320 4132 sententia

143 4151 294 4207 paternis
307 4147 422 4210 opibus
439 4148 537 4198 liberi
553 4150 648 4198 etiam
663 4166 713 4213 pe·
753 4148 821 4201 haec
844 4157 898 4204 est:
932 4158 1015 4219 specie
1041 4170 1089 4219 pro
1116 4162 1213 4208 senatu
1241 4158 1269 4223 (i.
1295 4179 1318 4213 e.

143 4222 308 4272 tenuiorum
332 4224 479 4275 bonorum
508 4229 576 4276 iure
603 4227 711 4287 protn'-
752 4243 801 4292 pro
819 4233 1133 4298 senatusconsultus),
1153 4251 1319 4306 reucrnpro

144 4300 311 4362 bercutur,
335 4304 467 4368 sirnulpue,
493 4305 712 4370 quodindr'pntrsi-
754 4320 805 4354 sua
822 4309 1018 4373 magnitudino.

143 4379 227 4429 simum
246 4385 296 4443 est,
319 4389 462 4431 senatorum
479 4385 527 4446 nttt
550 4392 581 4434 et
604 4399 710 4442 onera
752 4421 756 4428 -
787 4390 813 4442 3.
832 4409 885 4456 per
905 4397 950 4444 illu
970 4395 1099 4461 temporo]
1127 4398 1319 4464 Intelliguntur
