3070 4852
217 301 277 363 188
626 306 656 356 ο.
681 306 850 358 scauvam
873 306 987 356 cnrsrr

214 488 276 530 rum
298 465 467 547 impeditus,
499 483 584 545 quum
606 464 655 526 alii
677 483 767 546 super
789 464 897 526 vallum
919 464 1199 546 praecipitarentur,
1225 469 1279 530 alii
1305 470 1342 528 in
1372 489 1428 530 an-

214 580 320 659 gustiis
340 578 394 657 ipsi
413 576 468 637 sibi
489 585 684 657 properantes
704 577 876 654 oilioereut,
899 576 995 636 multis
1017 577 1130 638 amissis
1150 579 1178 636 in
1201 579 1273 638 loca
1297 582 1426 640 munita

216 709 283 752 sese
305 689 429 768 recepit.
481 687 620 750 lletellus'
645 687 757 748 inlecto·
782 687 919 764 negotio,
949 697 1103 768 postquam
1130 706 1190 748 nox
1214 690 1354 770 aderat,
1389 693 1447 751 int

216 811 311 864 castra
333 817 396 860 oum
420 799 552 860 exercitu
574 799 743 859 revortitur.

299 911 373 974 LIX.
417 909 509 989 Igitur
535 917 656 988 postero
686 906 752 985 die,
784 909 952 987 priusquam
980 909 1017 970 ad
1048 909 1281 989 oppugnandum
1318 931 1421 989 egre·

217 1023 349 1101 deretur,
378 1023 536 1101 equitatum
565 1037 679 1080 omnem
708 1018 736 1079 in
765 1038 800 1080 ea
830 1028 928 1099 parte,
958 1037 1015 1097 qua
1041 1020 1122 1097 regis
1147 1019 1295 1082 adventus
1312 1079 1316 1084 .
1333 1031 1419 1098 erat,
1483 1009 1484 1012 ¹

217 1153 271 1215 pro
295 1135 397 1195 castris
422 1133 534 1210 agitare
557 1129 652 1208 iubet,
681 1139 783 1210 portas
807 1139 836 1190 et
857 1147 997 1208 proxuma
1021 1130 1088 1191 loca
1107 1130 1228 1192 tribunis
1250 1131 1417 1212 dispertit,

216 1245 320 1306 deinde
339 1245 403 1324 ipse
426 1243 524 1324 pergit
544 1241 579 1302 ad
602 1238 740 1321 oppidum
764 1223 867 1319 atque,
896 1248 925 1299 ut
946 1241 1101 1320 superiore
1125 1240 1186 1318 die,
1208 1261 1331 1303 murum
1357 1263 1413 1321 ag·

216 1355 356 1436 graditur.
400 1353 517 1413 lnterim
541 1351 677 1428 lugurtba
701 1370 739 1410 ex
762 1349 879 1423 occulto
902 1361 1026 1430 repente
1050 1360 1169 1413 nostros
1191 1354 1323 1424 invadit:
1359 1357 1439 1434 qui-2

217 1468 245 1526 in
266 1481 407 1544 proxumo
425 1463 515 1524 locati
532 1463 661 1540 inerant,
682 1463 832 1541 paulisper
855 1462 947 1522 territi
964 1461 1185 1542 perturbantur,
1208 1464 1320 1544 reliqui
1345 1469 1410 1525 cito

217 1575 399 1637 subveniunt.
444 1572 549 1651 Neque
573 1572 678 1633 diutius
696 1571 837 1632 Numidae
863 1573 1004 1632 resistere
1026 1575 1203 1652 quivissent,
1227 1575 1255 1634 ui
1277 1576 1435 1654 peditesa

218 1705 283 1748 cum
305 1683 448 1765 equitibus
473 1683 605 1762 permixti
626 1691 760 1758 magnam
783 1681 895 1744 cladem
918 1683 947 1744 in
970 1700 1133 1762 congressu
1152 1685 1304 1756 iacerent;
1337 1691 1409 1766 qui-

218 1797 272 1858 bus
291 1797 334 1857 illi
352 1796 436 1872 ireti,
469 1811 544 1869 non,
574 1801 603 1852 ut
631 1793 761 1871 equestri
784 1792 900 1872 proelio
922 1793 1016 1872 solet,
1047 1795 1145 1874 sequi,
1177 1796 1243 1856 dein
1272 1798 1407 1878 cedere,
1485 1779 1486 1836 i

218 1909 270 1972 sed
293 1907 425 1970 advorsis
449 1905 533 1983 equis
556 1921 751 1980 concurrere,
779 1904 930 1984 implicare
956 1922 992 1965 ac
1015 1905 1186 1983 perturbare
1215 1908 1329 1978 aciem:
1362 1912 1406 1971 ita

218 2018 362 2101 expeditis
386 2014 531 2095 peditibus
552 2014 612 2073 suis
634 2012 727 2074 bostis
753 2033 847 2094 paene
869 2015 964 2074 victos
987 2015 1065 2076 dare.
1486 1990 1487 2070 i

299 2128 359 2190 LX.
403 2124 515 2187 Eodem
543 2134 678 2202 tempore
699 2124 775 2204 apud
795 2125 910 2186 Zamam
931 2144 1035 2203 magua
1061 2129 1089 2186 vi
1111 2126 1285 2209 certabatur.
1338 2130 1405 2191 Ubi

146 2251 148 2256 '
219 2242 343 2320 quisque
365 2239 480 2315 legatus
501 2245 549 2296 aut
568 2233 699 2296 tribunus
721 2236 857 2312 curabat,
880 2254 916 2296 eo
938 2255 1090 2298 acerrume
1109 2239 1173 2316 niti,
1196 2255 1294 2316 aeque
1318 2240 1402 2301 alius

219 2352 247 2409 iu
265 2349 322 2408 alio
342 2348 434 2425 magis
454 2363 537 2424 quam
556 2348 584 2404 in
605 2363 672 2404 sese
692 2364 775 2425 spem
794 2345 919 2417 habere;
939 2348 1106 2427 pariterque
1127 2349 1266 2428 oppidani
1280 2369 1400 2428 agere;

219 2476 391 2538 oppugnare
414 2467 461 2518 aut
479 2476 584 2536 parare
606 2456 739 2523 omnibus
762 2457 853 2527 locis;
884 2459 995 2518 avidius
1018 2459 1103 2518 alteri
1123 2458 1234 2520 alteros
1256 2461 1400 2522 sauciare

219 2587 302 2649 quam
325 2577 418 2629 semet
439 2577 558 2646 tegere;
590 2567 699 2627 elamor
721 2569 881 2646 permixtus
903 2568 1084 2646 hortatione,
1109 2569 1235 2647 laetitia,
1263 2573 1428 2648 gemtem-2

218 2681 286 2741 item
306 2680 445 2760 strepitus
466 2696 610 2740 annorum
632 2677 668 2738 ad
691 2678 805 2739 coelum
826 2677 912 2748 ferri:
935 2679 993 2740 tela
1014 2680 1156 2758 utrimque
1178 2680 1291 2740 volare.
1333 2683 1426 2745 Sed3

217 2790 274 2868 illi,
304 2793 352 2869 qui
375 2791 489 2864 moenia
513 2788 719 2867 defensabant,
749 2787 798 2848 ubi
821 2788 923 2850 hostes
946 2790 1062 2869 paulurn
1087 2789 1174 2850 modo
1197 2810 1324 2871 pugnarn
1346 2812 1396 2853 re-

217 2904 371 2980 miserant,
404 2905 503 2964 intenti
519 2886 670 2982 ¹'proelium
693 2908 831 2978 equestre
860 2901 1106 2979 prospectabant;
1137 2918 1207 2980 eos,
1239 2904 1277 2962 uti
1301 2917 1424 2982 quae-4

252 3088 325 3140 LIX.
345 3091 370 3142 1.
397 3106 447 3154 pro
464 3092 557 3140 eastris
581 3086 690 3155 opilare]
714 3087 733 3141 i.
755 3103 780 3140 e.
824 3086 888 3138 Ter.
908 3087 1011 3140 Heaut.
1029 3091 1063 3151 V,
1077 3089 1101 3152 l,
1115 3089 1158 3141 tt.
1177 3089 1242 3139 Earn
1255 3092 1322 3140 adeo
1338 3108 1394 3142 em-

216 3171 280 3216 ente
298 3172 391 3218 castra
405 3169 520 3218 versari.
824 3173 966 3215 ornatam
988 3167 1083 3227 daha,
1110 3169 1175 3218 adeo
1201 3184 1330 3232 pesam,
1366 3180 1395 3221 ut

254 3253 278 3304 3.
299 3254 386 3317 Neque
404 3250 575 3317 [liubussie]
603 3250 705 3300 Sensus
724 3252 781 3298 est:
824 3245 961 3293 meminerit
981 3260 1080 3307 seraper
1101 3248 1157 3297 mei.
1176 3247 1286 3298 Phorm.
1307 3248 1340 3310 V,
1363 3250 1390 3312 8,

218 3338 244 3381 et
273 3331 397 3380 Numidae
422 3332 593 3393 paulisper
624 3330 780 3386 restiterant,
823 3323 867 3374 81.
886 3323 965 3372 Hisce
983 3339 1029 3388 epa
1046 3325 1114 3374 illam
1131 3325 1204 3377 dictas
1223 3329 1259 3376 ita
1277 3327 1323 3377 tibi
1343 3331 1390 3378 in-

218 3405 286 3470 puod
300 3421 349 3454 aon
360 3407 502 3467 potuissent
515 3407 620 3470 facere,
637 3408 664 3455 ni
679 3408 732 3454 ete.
824 3414 953 3450 censam
970 3401 1059 3450 dabo.

250 3490 378 3556 sacmeel]
399 3491 563 3555 imperfecto
577 3490 713 3540 indicatur
723 3505 780 3538 rem
859 3497 916 3548 LX,
942 3497 966 3546 l.
990 3511 1019 3546 eo
1037 3522 1072 3530 —
1088 3493 1143 3560 niti]
1174 3494 1327 3545 Insolenter
1347 3511 1389 3559 ea,

217 3566 301 3617 talem
318 3568 450 3632 cogitari,
479 3583 549 3632 quae
566 3568 613 3617 illo
636 3569 695 3632 ipso
714 3572 780 3639 tem·
824 3573 896 3640 quod
915 3574 957 3623 abi
972 3572 1125 3637 particulae
1141 3570 1302 3640 respondet,
1315 3574 1389 3635 posi-

217 3659 282 3711 P⁰i⁰
301 3644 388 3696 “dhuc
405 3645 528 3706 durflrfl'it
552 3646 589 3697 es·
608 3647 669 3711 lug·
688 3645 736 3707 82,
755 3643 780 3696 3·
823 3658 881 3703 tum
899 3669 947 3718 pro
966 3667 996 3703 eo
1013 3654 1066 3702 laco
1084 3653 1142 3702 sive
1158 3652 1202 3701 ibi.
1239 3637 1329 3700 Minus
1348 3654 1389 3702 of-

252 3729 350 3798 quibas]
372 3747 411 3786 sc.
429 3733 576 3799 peditibus.
595 3764 630 3773 -
652 3732 697 3782 Illi
718 3734 781 3781 sunt
823 3732 956 3782 tensionis
976 3731 1089 3781 earatio
1104 3729 1200 3795 hebet,
1219 3730 1265 3779 ubi
1282 3731 1330 3781 laet
1341 3747 1388 3795 ge-

217 3813 322 3877 eqaites.
824 3811 927 3860 nitivus
945 3809 1055 3858 additus
1075 3813 1133 3869 est;
1152 3808 1189 3859 ei.
1208 3803 1300 3858 Tacit.
1314 3808 1384 3862 Anu.

254 3899 370 3949 advorsis
392 3893 473 3961 equis]
502 3896 521 3946 i.
540 3911 564 3946 e.
588 3898 665 3962 equis
687 3897 716 3945 in
733 3896 791 3946 ho..
822 3887 882 3949 XV,
899 3888 943 3947 74,
959 3886 1158 3945 LDecerpitar,
1177 3887 1327 3947 attemptans
1336 3885 1386 3934 Sa-

219 3983 289 4030 stem
306 3975 445 4027 immissis.
822 3965 871 4014 luti
893 3969 1071 4012 exstrueretur
1100 3977 1133 4012 eo
1160 3964 1235 4025 toci,
1263 3977 1298 4011 ea
1325 3979 1384 4027 qao

253 4063 380 4127 esepeditis
396 4055 531 4123 peditibus]
552 4059 572 4109 i.
589 4074 613 4110 e.
634 4073 684 4123 ope
702 4073 781 4123 expe·
821 4038 941 4090 smmi
953 4039 1053 4102 sermm
1067 4046 1239 4103 itr⁰mii⁸⁸⁷⁸⁰b

217 4140 334 4191 ditorum
351 4137 481 4203 equitum.
857 4145 1004 4194 vestanam
1017 4138 1169 4193 aatparare
1188 4127 1252 4195 ete]
1272 4129 1347 4180 Haec
1358 4136 1385 4182 et

253 4227 333 4276 „50203
349 4220 425 4288 pare]
454 4223 527 4270 pare
552 4234 577 4270 ο,
597 4219 695 4284 partie,
713 4219 781 4282 perf,
822 4206 857 4258 de
874 4207 1019 4272 oppidanis
1039 4211 1066 4257 et
1088 4208 1121 4257 de
1139 4207 1268 4258 Romanis
1286 4207 1383 4262 valeat.

218 4316 293 4366 pass.
314 4301 389 4350 valet
412 4300 452 4349 ita
479 4296 582 4361 aliquid
606 4297 723 4359 efficere,
750 4301 782 4346 ut
858 4297 883 4349 3.
906 4296 1115 4362 prospectabant]
1156 4301 1325 4362 Prospectare
1347 4302 1384 4351 di-

220 4379 334 4428 eveutus
353 4376 441 4440 magis
458 4375 559 4446 durans
579 4377 723 4438 appareat;
744 4374 781 4442 ei.
823 4378 937 4438 cuntur,
958 4375 1005 4438 qui
1023 4389 1056 4424 ex
1074 4373 1134 4425 loco
1154 4375 1267 4428 editiore
1284 4376 1313 4426 in
1330 4377 1382 4430 lcu-
