3092 4850
392 242 636 292 srsnomanuu
658 243 885 292 1010111111.
914 245 984 292 cns.
1006 247 1028 292 1.
1058 241 1179 295 1100.
1309 237 1371 300 263

200 396 345 460 01001011
368 399 490 460 consilia
514 417 577 460 cum
599 400 702 479 paucis
724 407 842 460 secutus
867 419 945 470 sum;
969 411 1098 464 ceterum
1121 402 1179 482 illi,
1204 405 1252 484 qui
1274 405 1373 484 gentis

200 508 345 571 Aemiliae
379 509 456 570 berre
489 510 565 572 iacta
603 508 801 587 extollebant,
843 517 872 570 et
901 512 1085 590 ignoscundo
1117 515 1219 596 populi
1251 515 1373 576 llomaui

199 619 425 697 magnitudinem
446 622 579 699 auxisse,
610 637 750 699 nusquam
773 620 917 681 etiamtum
937 621 1076 702 Lepidum
1100 642 1290 703 progressum
1312 626 1371 686 aie·

200 729 284 808 bant,
306 749 394 809 quum
416 733 527 813 privata
550 749 629 794 arma
651 729 861 809 opprimundae
883 731 1025 793 libertatis
1047 736 1191 816 cepisset,
1215 735 1270 796 sibi
1293 735 1370 814 quis·

199 860 256 920 que
277 859 352 922 opes
375 851 423 904 aut
446 844 608 923 patrocinia
635 839 803 922 quaerundo
826 842 978 914 consilium
999 844 1146 924 publicum
1169 852 1371 926 corruperunt.

166 951 237 1014 rm
258 960 314 1014 tum
337 963 400 1014 erat
422 954 550 1034 lepidus
570 954 644 1014 latro
667 971 731 1016 cum
751 951 903 1012 calonibus
924 960 954 1014 ct
975 955 1077 1034 paucis
1096 957 1225 1035 sicariis,
1249 973 1370 1036 quorum

197 1081 283 1125 nemo
302 1063 402 1126 diurna
428 1063 564 1126 mercede
588 1065 674 1124 vitam
694 1062 862 1131 mutaverim
885 1081 960 1122 nunc
983 1074 1029 1126 est
1051 1066 1212 1146 proconsul
1234 1085 1298 1126 cum
1319 1068 1369 1126 im·

199 1175 299 1254 perio,
329 1193 388 1238 uon
418 1185 533 1254 empto,
563 1173 616 1234 sed
638 1172 706 1232 dato
734 1170 874 1250 euobis,
904 1192 968 1234 eum
987 1174 1094 1252 legatis
1117 1175 1211 1236 adhuc
1232 1177 1294 1238 iure
1319 1193 1369 1256 pa·

196 1284 342 1355 rentibus;
366 1294 395 1348 et
417 1285 454 1346 ad
475 1303 540 1345 eum
564 1301 741 1346 concurrere
763 1283 894 1344 homines
916 1285 1040 1346 omnium
1060 1286 1190 1348 ordinum
1212 1285 1370 1365 corruptis·

198 1395 287 1472 sumi,
312 1395 472 1474 flagrantes
494 1395 593 1474 inopia
618 1403 647 1454 et
670 1393 868 1474 cupidinibus,
899 1395 1044 1457 scelerum
1067 1398 1246 1458 conscientia
1269 1395 1369 1474 exagi-

197 1505 262 1582 tati,
286 1505 391 1584 quibus
410 1507 496 1585 quiea
517 1505 545 1566 in
564 1502 774 1580 seditionibus,
796 1505 824 1564 in
846 1523 921 1584 pace
944 1505 1047 1567 turbae
1069 1517 1148 1578 sunt;
1170 1508 1198 1567 bi
1221 1507 1368 1568 tumultum

197 1633 236 1676 ex
258 1602 394 1695 tumultu,
424 1615 531 1678 bellum
554 1602 605 1676 ex'
620 1613 701 1674 bello
724 1624 839 1692 serunt,
871 1616 1016 1676 Saturnini
1042 1617 1125 1695 olim,
1156 1627 1223 1697 post
1245 1616 1369 1698 Sulpici,

165 1724 264 1788 idaia
284 1726 358 1788 llari
383 1726 626 1806 Damasippique,
649 1743 726 1784 nunc
749 1725 851 1806 Lepidi
873 1724 1025 1786 satellites.
1070 1727 1227 1788 Praeterea
1253 1727 1368 1788 Etruria

197 1844 285 1914 atque
318 1854 420 1900 omnes
448 1836 592 1914 reliquiae
626 1834 698 1896 belli
726 1844 874 1905 arrectae;
910 1836 1066 1916 Hispaniae
1094 1839 1179 1896 armis
1206 1837 1368 1907 sollicitae:

196 1946 378 2008 Mithridates
402 1949 431 2008 in
453 1947 546 2008 latere
569 1945 754 2024 vectigalium
776 1954 961 2024 nostrorum,
985 1945 1088 2025 quibus
1110 1946 1204 2007 adhue
1226 1955 1367 2008 sustenta·

198 2132 257 2184 (lat.
276 2135 302 2198 3,
318 2135 344 2186 3.
370 2134 495 2184 Ceterum
512 2131 664 2184 enuntiatio
678 2121 762 2182 01001-
804 2131 935 2184 alluditur
957 2134 1116 2200 ademptos
1135 2149 1151 2184 a
1169 2119 1273 2198 'Lepido
1297 2133 1368 2183 sedi-

197 2204 283 2268 δὲτως
301 2212 392 2276 posita
411 2227 443 2262 ex
461 2210 577 2262 relativo
595 2209 705 2276 pendet.
802 2208 885 2259 tionis
909 2212 1061 2275 ministros,
1085 2213 1172 2278 magis
1195 2215 1286 2260 tamen
1309 2227 1369 2261 ora-

231 2287 365 2355 etiumtcm]
387 2306 413 2339 v.
434 2288 470 2339 ad
488 2287 549 2341 Oet.
568 2289 598 2350 2,
618 2288 643 2339 1.
803 2288 872 2338 10110
888 2290 980 2353 posita
997 2289 1106 2339 videtur
1122 2289 1158 2340 ad
1175 2288 1366 2354 indignitatem

228 2365 400 2433 progressam]
428 2365 596 2430 Praegnanti
618 2368 762 2416 0011011001
803 2367 859 2418 dati
880 2367 987 2434 imperii
1005 2368 1183 2434 oppositionis
1207 2369 1236 2419 vi
1258 2368 1369 2420 efferen-

195 2443 290 2493 modum
308 2460 448 2508 epresaum,
466 2445 485 2496 i.
501 2459 525 2493 e.
543 2442 648 2508 aliquid
666 2446 761 2492 contra
803 2443 875 2497 dam.

195 2523 389 2587 rempublicam
423 2529 450 2574 et
483 2523 599 2572 salutem
628 2522 760 2572 bonorum
837 2519 929 2588 adduc]
949 2525 1068 2574 Notatur
1084 2524 1137 2576 hae
1155 2539 1223 2575 voce
1241 2521 1368 2575 socordia

196 2615 301 2654 ausum.
800 2603 928 2664 senatus,
948 2600 994 2665 qui
1008 2604 1124 2664 patiatur
1141 2603 1222 2652 adduc
1234 2599 1368 2666 Lepidum

228 2683 330 2742 priuata
348 2694 419 2728 armo
433 2676 598 2742 —eepisset]
617 2677 634 2729 i.
648 2693 671 2728 e.
685 2692 761 2726 arma
804 2692 864 2726 cunr
882 2677 997 2742 imperio
1020 2693 1094 2742 0000,
1118 2679 1190 2744 quod
1215 2678 1240 2728 01
1265 2677 1366 2728 dudum

124 2799 127 2804 ,
193 2759 294 2820 priuato
313 2757 415 2805 coasilio
433 2753 480 2818 (01.
495 2756 522 2816 §-
538 2755 603 2816 tt),
623 2752 698 2803 nullo
718 2769 761 2804 se·
802 2753 973 2804 adimendum
992 2754 1055 2806 init.

194 2841 276 2885 natus
295 2831 419 2884 consulto
439 2831 564 2896 cepisset.
838 2835 907 2897 quies
924 2835 950 2882 in
971 2833 1133 2883 seditionibus
1155 2829 1222 2896 etc]
1247 2831 1368 2896 Argutae

229 2905 762 2972 0011111101-00110001001]10011010-
804 2910 985 2974 oppositionis
1010 2926 1106 2961 sensns
1130 2914 1185 2960 est:
1213 2909 1260 2974 qui
1283 2915 1369 2962 securi

196 3007 239 3040 rea
262 2992 372 3041 fuerunt
394 2988 473 3054 pravi
492 2985 614 3046 consilii,
637 3001 691 3050 quo
710 2987 759 3035 rei·
803 2990 866 3035 sunt
891 2984 919 3049 (a
944 2987 1042 3052 poena)
1065 2988 1094 3036 in
1117 2986 1312 3049 seditionibus,
1337 2987 1366 3036 in

193 3068 319 3135 publicae
348 3067 539 3132 gravissimum
570 3063 761 3114 detrimentum
803 3079 873 3128 pace
895 3065 970 3115 ausit
992 3064 1041 3128 (ob
1067 3064 1172 3114 scelera
1195 3064 1365 3130 commissa);

196 3147 308 3197 allatum
324 3149 376 3196 est.
802 3144 838 3195 ci.
855 3146 880 3206 §-
902 3142 944 3193 10.

228 3225 253 3286 ξ.
269 3225 293 3278 7.
314 3218 391 3286 latro]
412 3218 483 3268 Duci
503 3218 644 3283 oppositus
664 3216 760 3267 110111-
835 3221 976 3286 satiamini]
1005 3221 1143 3272 Tribunus
1165 3221 1203 3286 pl,
1226 3221 1367 3272 ambulen.

194 3303 279 3365 citur,
303 3302 345 3366 qai
367 3303 456 3350 iustum
478 3297 616 3347 exercitam
640 3311 689 3345 non
714 3295 761 3346 lio·
802 3301 923 3350 tissimus
946 3314 978 3349 ac
1000 3297 1216 3350 violentissimus
1236 3299 1264 3349 in
1287 3299 1367 3364 gravi

194 3381 250 3442 det,
269 3378 297 3429 id
316 3376 387 3442 quod
406 3375 487 3425 etiam
511 3374 653 3439 sequentia
670 3373 760 3424 decla·
801 3379 935 3429 seditione
962 3393 987 3428 a.
1014 3376 1071 3428 100.
1101 3393 1128 3429 a.
1153 3379 1214 3430 (ihr.
1239 3394 1265 3428 n.
1291 3382 1365 3429 mota

195 3461 266 3509 rant.
304 3454 446 3507 Sententia
479 3452 573 3502 eadem
601 3455 656 3515 est,
689 3468 759 3517 qnae
800 3473 848 3522 per
866 3455 896 3506 G.
915 3455 1031 3505 Marium
1050 3456 1155 3506 occisus
1174 3460 1224 3509 001.

195 3539 219 3599 5.
235 3537 264 3588 3:
283 3552 298 3586 e
310 3543 450 3596 contemp
459 3539 488 3582 to
505 3530 603 3596 (qualis
617 3535 683 3582 tunc
697 3532 758 3596 fuit,
835 3532 941 3598 Sulpici]
962 3533 1167 3584 Ferventissimi
1179 3533 1281 3599 ingenii
1295 3547 1366 3583 anm-

193 3612 276 3680 nunc)
293 3629 322 3663 se
340 3613 425 3678 effecit
440 3610 638 3662 metuendum.
801 3627 915 3676 maeque
939 3610 1112 3676 eloquentiae
1137 3611 1259 3672 iuvenis,
1282 3625 1364 3674 quum

227 3694 320 3742 diurna
334 3691 448 3741 mercede
459 3691 532 3739 vitam
542 3685 684 3752 mutaverit]
699 3688 717 3740 i.
733 3706 757 3739 0.
799 3689 925 3743 tribunus
944 3703 971 3737 a.
992 3687 1035 3738 88.
1052 3704 1078 3738 a.
1093 3688 1154 3738 0111.
1169 3705 1196 3738 n.
1214 3688 1302 3752 legem
1320 3691 1365 3735 tu-

191 3786 240 3834 pro
263 3772 356 3821 diurna
376 3769 490 3818 mercede
505 3768 578 3816 citam
597 3767 759 3822 dederit,vel
799 3763 877 3814 iisset
896 3763 930 3813 de
946 3763 1058 3828 imperio
1077 3763 1208 3814 adversus
1221 3762 1362 3812 Mithrida-

192 3850 345 3907 oendiderit,
365 3845 398 3897 dc
418 3861 471 3909 quo
493 3858 544 3892 usu
566 3849 663 3892 matare
680 3843 758 3893 verbi
799 3845 854 3890 tem
872 3837 964 3890 Sullae
989 3838 1145 3903 derogando
1168 3844 1196 3889 01
1219 3839 1249 3890 0.
1274 3839 1364 3888 Mario

192 3927 227 3976 ci.
245 3928 307 3992 lug.
326 3926 375 3987 44,
394 3924 419 3974 5.
451 3921 595 3973 Sententia
612 3919 756 3970 verborum
798 3916 945 3980 tradendo,
971 3916 1042 3968 bello
1066 3916 1140 3966 civili
1162 3933 1194 3967 ea
1217 3932 1247 3966 10
1269 3921 1363 3968 exorto

193 4007 254 4053 est:
275 4019 377 4069 qaorum
401 4002 503 4051 omnium
530 4012 588 4048 aon
610 3999 758 4047 interest
798 3996 888 4062 periit.

191 4097 241 4145 pro
251 4090 300 4132 tam
312 4082 380 4132 tenui
388 4081 510 4143 praescio,
521 4077 603 4141 qualis
613 4082 651 4126 est
664 4076 757 4125 diurna
834 4067 993 4134 Damasippi]
1012 4068 1048 4148 ef.
1066 4067 1127 4119 (lat.
1143 4068 1190 4130 51,
1210 4067 1253 4120 32.

192 4175 300 4225 merces,
324 4162 398 4210 citam
418 4155 591 4221 profundere,
615 4167 696 4216 quam
721 4155 756 4204 ob
834 4155 859 4214 1.
884 4149 910 4200 8.
935 4149 1078 4210 Hispaniae
1101 4175 1135 4184 -
1157 4143 1295 4210 sollicitae]
1324 4162 1364 4198 00.

193 4253 250 4288 rem
273 4235 384 4286 illinon
404 4234 519 4286 timendi
536 4234 622 4282 erant.
799 4244 846 4293 per
864 4225 1022 4278 Sertorium.

229 4297 277 4364 1100
300 4314 390 4381 empto]
419 4315 588 4377 Quamquam
615 4308 667 4358 hac
690 4322 757 4356 voce
833 4306 986 4370 nectipalium
1004 4330 1038 4338 —-
1056 4297 1237 4366 sustentamur]
1260 4298 1367 4365 Quippe
