3024 4852
219 233 279 293 162
622 241 652 289 c.
677 241 844 290 sanuusm
867 240 979 288 cmsrr

218 417 302 459 xume
331 396 490 458 miserabili
523 415 587 456 cum
614 394 717 457 Cassio
747 397 868 458 Romam
900 397 989 455 venit.
1039 395 1086 454 Ac
1118 399 1233 456 tametsi
1267 399 1301 455 iu
1338 399 1439 476 ipset

217 491 319 586 magna
349 510 394 567 vis
423 508 507 566 animi
538 515 614 583 erat,
643 508 828 566 consumatus
853 506 889 565 ab
916 504 1067 581 omnibus,
1105 522 1228 584 quornm
1259 511 1415 586 potentia

217 630 265 679 aut
288 618 404 678 scelere
424 617 534 697 {cuncta
564 636 597 676 ea
624 625 776 694 gesserat,
812 634 885 694 quae
913 634 1000 694 supra
1025 614 1172 690 dixImus,
1193 614 1228 674 C.
1249 615 1412 677 Baebium

215 729 359 788 tribunum
381 729 476 808 plebis
498 745 600 804 magna
624 726 759 785 mercede
780 735 876 804 parat,
909 727 990 784 cuins
1013 725 1186 805 impudentia
1218 725 1334 786 contra
1363 729 1412 786 ius

216 848 245 898 et
266 840 382 898 iniurias
402 841 494 899 omnis
515 841 637 897 munitus
656 837 743 896 ieret.
782 835 821 894 m
841 835 873 896 G.
890 835 1053 912 Memmius,
1075 835 1217 896 advocata
1237 843 1431 911 contione,3

216 967 385 1028 quamquam
409 950 472 1025 regi
490 948 594 1006 iniecta
618 945 721 1026 plebes
744 955 820 1022 erat,
844 956 872 1004 et
894 965 961 1025 pars
984 947 1011 1003 in
1036 945 1150 1004 vincuia
1172 945 1238 1005 duci
1260 945 1407 1022 iubebat,

216 1077 300 1139 pars,
325 1061 353 1117 ni
376 1060 477 1118 socios
500 1057 623 1116 sceleris
645 1057 688 1115 sui
711 1058 854 1134 aperiret,
883 1073 964 1114 more
988 1059 1128 1116 maiorum
1150 1055 1186 1114 de
1205 1055 1303 1114 'hoste
1329 1074 1405 1133 sup-

215 1169 331 1248 plicium
355 1170 441 1244 sumi,
465 1168 595 1244 dignitati
617 1184 700 1244 qnam
722 1167 782 1224 irae
803 1167 896 1240 magis
917 1165 1088 1242 consciens,
1111 1165 1214 1225 sedare
1238 1174 1346 1224 mutus
1372 1175 1403 1223 et

214 1282 325 1337 animos
353 1296 454 1337 eorum
481 1277 610 1352 mollire,
645 1285 793 1354 postremo
823 1276 1012 1352 enniirmare,
1044 1274 1129 1334 iidem
1154 1274 1307 1353 publicam
1341 1294 1401 1353 per

215 1406 283 1446 sese
304 1387 470 1445 inviolatam
499 1386 574 1444 fore.
620 1385 704 1462 Post,
735 1385 782 1457 ubi
807 1385 950 1444 silentium
974 1387 1087 1464 coepit,
1117 1385 1262 1464 producto
1285 1383 1425 1460 Iugur-r

213 1494 277 1571 tha,
306 1494 396 1553 verba
420 1495 505 1570 iacit,
534 1495 645 1554 Romae
668 1494 878 1572 Numidiaeque
901 1494 1032 1554 facinora
1056 1497 1118 1554 eius
1141 1503 1296 1570 memorat,
1327 1513 1399 1553 sce-

214 1603 276 1662 lera
310 1605 338 1660 in
370 1613 480 1682 patrem
508 1605 672 1681 fratresque
708 1603 850 1672 ostendit;
891 1605 995 1684 quibus
1025 1603 1187 1704 iqvantibus
1220 1603 1399 1683 quibusque

214 1714 349 1772 ministris
378 1732 412 1772 ea
441 1717 560 1791 egerit,
580 1731 750 1792 quamquam
774 1714 926 1792 intellegat
954 1715 1080 1795 populus
1101 1715 1264 1791 Romanus,
1291 1723 1397 1774 tamen

213 1823 292 1883 veile
315 1824 466 1885 manifesta
489 1827 582 1900 magis
606 1824 715 1883 exilio
739 1823 863 1890 habere;
895 1827 919 1883 si
944 1844 1043 1884 verum
1066 1826 1195 1904 aperiat,
1225 1828 1252 1884 in
1277 1824 1340 1884 fide
1365 1835 1396 1883 et

214 1934 365 1994 clementia
390 1933 490 2014 populi
513 1934 636 1994 Romani
659 1951 790 2010 magnam
814 1952 896 2011 spem
913 1934 955 1993 iili
975 1937 1072 2003 sitam;
1097 1935 1141 1992 sin
1159 1936 1302 2010 reticeat,
1330 1953 1395 1996 non

215 2045 305 2104 suciis
326 2045 409 2104 saluti
432 2044 516 2130 iore,
541 2043 593 2102 sed
612 2062 644 2102 se
667 2062 794 2122 suasque
815 2023 885 2121 spes
909 2055 1140 2125 corrupturum„

298 2155 435 2215 XXXIV.
479 2153 606 2229 Deinde,
630 2152 676 2213 ubi
697 2153 846 2213 Memmius
869 2152 983 2216 dicundi
1006 2157 1091 2215 tinem
1114 2143 1201 2232 iecit,
1231 2164 1261 2214 et
1283 2153 1393 2231 lugur-

156 2277 163 2288 ·
195 2265 260 2324 'tha
289 2264 471 2342 respendere
500 2266 596 2322 iussus
627 2273 688 2341 est,
721 2262 752 2323 Ο.
778 2263 902 2323 baebius
931 2264 1194 2344 tribunusplebis,
1225 2283 1311 2344 quem
1338 2284 1392 2344 pe-

212 2374 294 2431 cunia
326 2381 491 2451 corruptum
527 2391 614 2452 supra
643 2355 781 2446 diximus,
820 2391 922 2450 regem
954 2385 1053 2436 tacere
1080 2375 1177 2451 iubet,
1212 2395 1248 2436 ac
1271 2378 1392 2434 tametsi

212 2479 378 2556 multitudo,
410 2483 534 2558 quaein
559 2482 695 2541 contione
719 2480 833 2557 aderat,
866 2482 1053 2544 vehementer
1081 2503 1223 2563 accensa,
1254 2485 1392 2546 terrebat

214 2608 278 2648 eum
307 2589 450 2672 clamore,
481 2591 576 2669 voltu,
603 2609 694 2670 saepe
716 2590 824 2669 impetu
855 2600 942 2669 atque
971 2595 1036 2654 aiiis
1066 2595 1212 2673 omnibus,
1243 2613 1318 2674 qnae
1345 2599 1389 2655 ira

207 2784 258 2825 tum
274 2779 375 2838 privato
393 2779 496 2837 uestitu,
516 2779 564 2828 sed
587 2781 661 2831 etiam
679 2791 778 2826 reorum
819 2775 909 2838 labat,
933 2794 1013 2843 quern
1032 2782 1104 2846 quod
1121 2783 1162 2832 ira
1181 2783 1272 2833 iecere
1290 2785 1392 2833 stimu-

133 2905 135 2910 ,
209 2853 309 2915 babitu,
325 2858 434 2918 supplem
454 2857 490 2905 ad
507 2856 640 2906 Caesarem
666 2856 740 2906 venit.
819 2852 907 2914 labat3
928 2857 963 2907 cf.
984 2859 1020 2908 ad
1033 2860 1093 2910 Oet.
1114 2861 1205 2932 51‚,7.

244 2950 269 3000 2.
289 2965 320 2998 ce
338 2953 436 3000 tametsi
454 2952 479 2998 in
500 2948 638 3015 insuete]
665 2949 777 2999 Senten-
851 2947 900 2993 W
922 2934 989 3001 ⁸8⁸3]
1021 2938 1040 2987 i·
1066 2937 1088 2988 ⁰2·
1114 2944 1244 3003 quantum
1270 2939 1299 2986 5¹¹
1325 2939 1391 3002 i1³3⁰

209 3026 308 3076 tiarum
320 3029 453 3077 rationem
468 3028 506 3077 sic
522 3029 647 3094 concipe:
663 3043 695 3076 ac
708 3029 775 3074 inm·
819 3014 900 3058 efflet·
985 3069 989 3078 .

209 3102 262 3150 etsi
287 3103 395 3174 inipso
420 3107 468 3152 iam
491 3120 540 3165 per
562 3121 590 3154 se
614 3120 713 3169 magna
733 3104 775 3152 vis
853 3095 877 3144 4·
897 3095 989 3161 θθθΡῖῑ]
1016 3099 1051 3148 cf·
1076 3101 1138 3166 lug·
1157 3101 1206 3164 (32,
1230 3102 1254 3152 7·
1275 3099 1323 3162 85,
1346 3101 1387 3151 17·

211 3181 294 3228 animi
324 3187 396 3243 erat,
427 3191 455 3230 ut
488 3185 556 3230 nulla
590 3185 775 3244 confirmantium
818 3171 867 3233 9¹»
887 3175 912 3221 4·

210 3271 285 3330 epere
302 3259 443 3316 uideretur,
459 3261 563 3319 temen,
580 3273 661 3322 quum
679 3260 704 3307 ei
723 3261 779 3308 ani·
854 3256 986 3324 producto]
1010 3261 1151 3325 Proprium
1170 3261 1198 3309 id
1221 3261 1333 3310 verbum
1353 3263 1390 3312 de

209 3345 267 3378 mus
292 3331 364 3380 'etiam
388 3335 489 3382 additus
512 3343 579 3382 esset
601 3335 634 3383 ab
654 3336 777 3386 omnibus
820 3335 935 3384 tribunis
954 3335 1056 3401 plebis,
1075 3339 1098 3388 si
1117 3354 1194 3404 quem
1213 3354 1302 3389 coram
1322 3357 1389 3390 con-

210 3431 245 3439 —
264 3406 295 3456 C.
312 3409 443 3457 Baebium
461 3413 541 3472 parat
562 3415 613 3459 etc.
632 3411 674 3459 De
698 3419 776 3462 tcnnen
819 3413 1125 3465 tioneautsententiarn
1141 3417 1231 3467 dicere
1245 3417 1388 3480 iubebant,

210 3482 345 3545 particula
358 3485 386 3533 in
402 3485 515 3550 epodcsi
529 3488 703 3537 concessivae
718 3505 776 3540 sen·
819 3494 866 3538 aut
886 3490 918 3540 de
937 3506 1034 3542 caussa
1052 3494 1267 3560 interrogabant.

209 3558 313 3688 {qutige
333 3563 433 3642 omissa
451 3563 486 3612 ci.
504 3562 576 3612 infra
590 3563 614 3625 ξ.
634 3565 659 3616 3,
680 3567 728 3630 35,
747 3568 773 3617 9.
859 3576 952 3625 Romae
975 3569 1169 3644 Numidiaeque]
1201 3595 1227 3629 r.
1259 3579 1293 3628 ad
1324 3581 1386 3645 lug.

252 3673 259 3698 i
299 3675 305 3687 ·
464 3648 468 3656 ’
821 3650 854 3701 28
890 3651 916 3702 6.

242 3726 387 3773 contraius
407 3699 775 3792 eriniumae]lucest,qu0d
814 3730 817 3735 '
854 3691 902 3786 Xon
925 3739 1001 3786 sociis
1025 3740 1103 3787 satuti
1125 3739 1184 3800 sore
1201 3737 1267 3803 etc]
1297 3739 1385 3799 Quum

210 3814 242 3849 ex
264 3801 359 3850 merito
383 3804 410 3850 et
433 3799 539 3865 iegibus
564 3805 591 3851 in
616 3803 774 3869 Iugurtham
818 3814 935 3864 maxime
969 3830 1002 3864 ex
1036 3816 1168 3880 Iugurtha
1201 3822 1383 3883 quaereretur,

207 3881 317 3942 propter
336 3879 393 3928 cius
419 3879 522 3928 scelera
547 3883 633 3930 statui
650 3887 773 3946 poterat3
818 3892 905 3956 quibus
931 3893 1074 3943 tranantibus
1099 3901 1123 3942 et
1149 3896 1268 3944 adnisum
1295 3899 1382 3958 eperia,

204 3955 313 4004 iniuriae
335 3955 528 4019 intelligendae
555 3959 588 4008 de
616 3961 642 4009 vi
671 3965 698 4008 et
725 3961 773 4008 im·
816 3983 911 4018 sensus
937 3973 992 4017 est:
1017 3969 1125 4020 silentio
1151 3985 1200 4020 suo
1226 3987 1279 4020 non
1304 3974 1381 4023 modo

120 4083 123 4090 ,
206 4037 272 4094 petu
299 4033 333 4084 ab
361 4032 470 4082 infestis
498 4034 661 4086 adversariis
691 4038 771 4086 etiam
815 4045 897 4094 sociis
914 4045 996 4095 saluti
1013 4035 1067 4096 &n
1081 4048 1138 4097 fore
1151 4047 1239 4112 (quod
1250 4051 1343 4114 etipse
1354 4057 1380 4101 et

207 4113 301 4157 contra
319 4107 393 4174 leges
407 4109 435 4157 in
452 4124 512 4160 eum
532 4111 665 4161 faciendo.
813 4120 854 4168 iili
880 4125 1015 4189 sperent),
1049 4125 1199 4174 sedetiam
1223 4127 1306 4190 (quod
1328 4145 1380 4179 non

240 4191 266 4240 3.
285 4193 403 4254 dipnirati
420 4221 454 4228 --
475 4195 614 4260 consuens]
635 4198 652 4248 i.
673 4214 696 4247 e.
716 4213 770 4246 ma·
812 4200 962 4264 reputaret)
976 4203 1106 4265 seipsum
1121 4217 1239 4267 suesque
1251 4219 1313 4268 spes
1326 4219 1380 4255 ccr-

206 4267 248 4328 gis
267 4267 295 4316 id
313 4278 438 4331 secutus,
456 4271 528 4334 quod
542 4271 663 4335 dignitus
676 4280 768 4338 postu·
812 4280 961 4338 rupturum.
