3028 4852
332 321 380 368 DE
400 319 583 369 succussu
604 321 759 370 SCRIPTIS
782 323 826 371 ΕΤ
849 323 997 373 DICENDI
1021 327 1171 376 GENERE·
1295 318 1330 380 21

164 488 194 539 et
212 477 338 540 novandi
357 477 479 539 studium
495 497 559 538 cum
576 479 663 540 multa
685 497 807 559 prorsus
828 481 933 542 invidia
950 482 1016 560 iuit,
1037 484 1175 566 multique
1194 505 1252 548 non
1275 505 1334 548 me·

164 590 257 650 diocri
279 590 398 666 ingenio
416 590 469 648 viri
492 590 589 650 conati
607 599 672 649 suut
694 590 914 671 reprehendere
938 591 1080 673 pleraque
1104 605 1133 656 et
1156 596 1335 659 obtrectare.

164 699 202 762 In
223 697 336 782 quibus
353 700 453 779 plura
476 699 588 760 inscite
609 707 664 760 aut
689 700 824 781 malique
847 702 1029 763 vellicant.“
1073 705 1195 767 Scilicet
1223 727 1273 769 res
1293 711 1337 770 sic

164 831 198 873 se
220 810 323 873 habet:
353 810 401 870 vel
424 809 521 871 iudicii
542 811 684 889 pravitate
705 828 762 871 non
784 821 940 891 potuerunt
957 813 998 874 illi
1022 833 1229 895 concoquere,
1259 837 1334 898 quae

162 924 191 982 in
214 921 352 983 Sallustio
372 919 457 982 aliter
479 920 631 1000 legerent,
655 939 740 1001 quam
762 941 814 984 sua
835 923 927 984 ferret
952 925 1132 987 consuetudo
1153 915 1184 988 'et
1206 929 1272 990 trita
1294 929 1335 988 di·

164 1031 248 1094 cendi
268 1031 357 1107 ratio,
379 1029 428 1090 uel
449 1029 629 1108 malignitate
648 1033 753 1092 mentis
774 1051 894 1095 caecum
916 1035 1011 1096 odium
1031 1055 1129 1116 suum,
1152 1057 1190 1098 ex
1212 1041 1334 1119 partium

164 1140 397 1204 contentionibus
421 1148 611 1220 conceptum,
640 1142 880 1221 quemadmodum
902 1146 1075 1208 infamandis
1095 1149 1225 1209 Sallustii
1246 1151 1334 1210 mori·
1379 1205 1381 1210 ,

163 1254 235 1332 bus,
258 1254 297 1312 ita
318 1253 403 1312 etiam
423 1250 630 1314 calumniandis
650 1253 712 1313 eius
735 1254 853 1334 scriptis
875 1256 1000 1335 explere
1027 1258 1206 1319 studuerunt.

247 1365 352 1426 Restat
371 1371 400 1422 ut
423 1359 460 1420 de
483 1362 605 1440 singulis
628 1362 769 1442 operibus
792 1381 885 1445 pauca
909 1365 1047 1430 dicamus.

248 1472 447 1536 Catilinam
476 1473 597 1550 primum
627 1473 718 1534 luisse
747 1474 876 1536 Sallustii
905 1495 980 1557 opus
1012 1479 1077 1558 ipse
1102 1479 1177 1540 haud
1207 1479 1334 1542 obscure

162 1594 284 1648 testatur
313 1602 339 1642 c.
368 1584 398 1644 4.
448 1580 514 1642 Non
542 1583 631 1643 multo
664 1592 757 1643 autem
787 1595 855 1664 post
882 1585 1018 1648 Caesaris
1045 1599 1167 1651 mortem
1196 1591 1335 1669 scriptum

163 1715 231 1758 esse
253 1713 340 1774 quum
361 1701 460 1772 pateat
482 1710 521 1752 ex
542 1711 567 1790 q.
588 1693 643 1770 53,
667 1693 697 1754 6.
720 1703 749 1753 et
768 1697 834 1774 54,
858 1698 928 1756 satis
946 1698 1100 1778 probabile
1124 1699 1236 1760 videtur
1258 1719 1333 1761 anno

163 1808 204 1869 43
227 1805 277 1865 vel
300 1803 341 1864 ta
364 1821 380 1863 a
400 1801 470 1863 Cbr.
493 1822 521 1862 n.
545 1803 701 1882 prodiisse.
746 1804 858 1880 Quibus
880 1805 1008 1868 lontibus
1028 1817 1130 1868 auctor
1150 1827 1219 1869 usus
1240 1810 1276 1869 sit
1297 1811 1333 1869 ad

163 1935 213 1978 res
232 1923 369 1977 accurate
394 1913 621 1991 cognoscendas
641 1932 811 1993 quamquam
840 1917 905 1996 ipse
926 1935 984 1978 non
1007 1917 1093 1994 dicit,
1122 1927 1235 1994 tamen,
1264 1920 1333 1997 quin

165 2027 252 2088 valde
275 2025 348 2085 certi
369 2033 399 2085 et
426 2023 542 2103 probati
566 2024 688 2103 fuerint,
718 2044 805 2105 quum
826 2025 989 2087 ocissime
1008 2045 1041 2088 se
1064 2027 1100 2088 de
1130 2027 1179 2087 illa
1203 2029 1334 2088 coniura-

163 2140 242 2200 tione
265 2137 463 2214 expositurum
486 2134 672 2213 profiteatur,
696 2134 819 2196 dubitari
839 2155 897 2198 uon
922 2146 1029 2217 potest.
1066 2137 1142 2197 dote
1165 2140 1259 2198 omnia
1280 2140 1333 2216 igi-

163 2258 208 2310 tur
243 2247 376 2308 hausisse
405 2243 548 2324 putandus
576 2253 621 2304 est
655 2263 693 2304 ex
727 2247 800 2306 actis
837 2246 961 2326 publicis
989 2257 1166 2327 senatusque
1195 2249 1335 2326 decretis,

157 2359 270 2444 'quibus
287 2355 460 2436 gravissima
480 2355 593 2415 illarum
612 2348 707 2415 rcr'um
726 2358 889 2418 testimonia
908 2355 1138 2420 continebantur.
1173 2358 1239 2419 ntia
1258 2339 1333 2420 haud

166 2471 252 2531 dubie
275 2475 426 2547 comperta
449 2464 548 2526 babuit
577 2483 615 2524 cx
643 2466 856 2527 narrationibus
886 2469 1048 2547 aequalium
1072 2467 1226 2547 Catilinae,
1263 2487 1333 2548 quo·

165 2600 225 2641 rum
253 2578 328 2640 haud
357 2577 442 2656 pauci
469 2574 520 2636 illo
549 2573 643 2635 adbuc
670 2585 804 2656 tempore
833 2577 984 2655 vivebant,
1020 2595 1078 2657 quo
1107 2577 1143 2638 de
1173 2580 1235 2639 eius
1265 2599 1333 2641 con·

164 2692 307 2752 iuratione
341 2684 473 2748 scribere
507 2685 637 2746 instituit.
688 2684 733 2747 Eo
762 2686 877 2747 facilius
910 2697 1004 2748 autem
1037 2687 1195 2749 diiudicare
1231 2691 1334 2769 potuit,

166 2801 234 2882 quid
256 2817 356 2860 eorum
375 2797 540 2857 auctoritati
561 2805 648 2873 atque
670 2794 736 2854 lrdei
757 2785 937 2857 tribuendum
960 2806 1056 2874 esset,
1080 2799 1158 2876 quod
1176 2801 1241 2879 ipse
1265 2800 1334 2860 ado·

165 2913 283 2972 lescens
310 2909 395 2968 trium
424 2915 453 2966 et
475 2905 577 2982 viginti
600 2923 755 2981 annorum,
783 2924 839 2983 qua
861 2916 958 2966 'aetate
981 2907 1099 2983 ingenio
1119 2910 1189 2966 satis
1211 2911 1265 2969 iam
1285 2928 1334 2969 va·

165 3022 244 3083 lebat
265 3019 300 3080 ad
321 3017 443 3078 animum
463 3015 499 3074 ad
519 3012 652 3094 publicas
675 3033 724 3073 res
748 3013 971 3091 advertendum,
992 3016 1086 3076 omnia
1105 3016 1233 3094 viderat,
1258 3036 1333 3095 quac

165 3132 200 3192 ad
223 3128 293 3188 illud
314 3125 428 3186 lacinus
446 3125 634 3204 pertinerent.
672 3123 711 3182 m
727 3122 879 3184 Ciceronis
900 3124 1079 3185 orationibus
1100 3144 1185 3205 quum
1208 3127 1235 3185 in
1257 3126 1333 3188 Cati·

165 3242 252 3302 linam
278 3240 388 3316 ipsum,
429 3245 487 3295 tum
518 3242 585 3313 post
613 3233 793 3294 consulatum
821 3233 941 3312 habitis,
977 3234 1012 3294 ad
1041 3235 1098 3297 hoc
1127 3239 1333 3297 commentario

164 3353 228 3414 eius
256 3348 292 3408 de
316 3345 467 3406 consulatu
495 3364 549 3406 suc
577 3361 688 3421 graece
717 3346 848 3424 scripto,
877 3363 912 3404 ac
942 3354 1093 3425 poemate,
1124 3365 1182 3425 quo
1212 3347 1333 3407 eandem

164 3479 225 3522 rem
249 3457 425 3534 celebravit,
457 3455 530 3516 unde
559 3467 628 3516 sane
653 3454 766 3532 singula
789 3455 876 3516 multa
899 3457 957 3535 peti
982 3465 1115 3534 poteraut
1144 3458 1179 3518 ad
1202 3460 1332 3519 coniura-

165 3573 273 3633 tionem
294 3567 470 3647 spectantia,
493 3584 551 3626 non
573 3570 611 3627 ita
633 3587 702 3628 usus
722 3569 851 3642 videtur,
880 3575 910 3624 ut
931 3583 1064 3644 magnam
1087 3585 1121 3627 ea
1143 3568 1201 3626 vim
1223 3569 1333 3629 habere

166 3689 280 3762 putaret
302 3676 338 3738 ad
357 3677 531 3753 gravitatem
555 3678 639 3756 operi
658 3697 712 3738 suo
736 3676 955 3738 conciliandam.
995 3677 1134 3752 Quodne
1153 3678 1332 3755 negligentia

164 3792 271 3852 factum
294 3786 462 3863 credamus,
495 3787 624 3865 consilii,
656 3787 732 3866 quod
756 3796 873 3847 secutus
895 3796 957 3863 est,
988 3786 1146 3866 peculiaris
1168 3789 1241 3847 ratio
1264 3805 1331 3866 pro-

164 3900 254 3961 bibet.
298 3896 363 3957 Hoc
393 3897 467 3956 enim
495 3897 677 3976 propositum
705 3897 819 3973 habuit,
850 3905 879 3956 ut
907 3896 1016 3956 ruentis
1041 3895 1221 3976 reipublicae
1250 3914 1331 3955 caus·

166 4028 226 4072 sam
252 4011 281 4068 in
310 4007 456 4086 corruptis
491 4007 614 4067 civitatis
648 4007 777 4068 moribus
804 4008 927 4086 positam
958 4025 1025 4066 esse
1065 4007 1169 4066 illustri
1194 4004 1332 4083 exemplo

165 4122 303 4197 doceret,
327 4127 355 4178 et
375 4116 442 4196 quid
462 4117 622 4195 depravato
645 4134 739 4176 rerum
760 4125 834 4177 statu
856 4117 919 4176 lieri
940 4135 1065 4177 necesse
1086 4115 1173 4176 luerit
1192 4113 1332 4176 foeditate

167 4231 271 4311 patrati
292 4227 431 4290 facinoris
453 4227 676 4289 demonstraret.
718 4227 802 4302 Quod
823 4227 936 4286 intuens
958 4226 985 4284 in
1005 4224 1092 4303 idque
1111 4226 1251 4302 intentus,
1273 4242 1330 4284 non

167 4341 225 4403 hoc
253 4357 334 4400 suum
363 4355 431 4398 csse
459 4338 553 4415 duxit,
583 4336 746 4398 utminuta
779 4333 920 4415 quaeque'
940 4334 1066 4396 referret
1096 4345 1125 4396 et
1152 4335 1331 4396 infructuosa
