3070 4852
510 311 704 376 raucarum
734 310 764 358 c.
788 309 887 358 oxru.
910 307 1003 356 σειν.
1276 293 1339 356 243

165 477 224 530 tata
253 467 402 528 voluntate
431 467 565 544 remotis,
594 466 699 532 dieitur
726 476 827 550 aecum
854 467 919 546 ipsc
942 464 1028 526 malta
1052 461 1230 540 agitavisse,
1261 462 1341 524 voltu

167 579 302 658 corporis
330 578 440 658 pariter
465 587 551 657 atque
579 577 673 636 animo
703 577 816 646 varium
854 587 927 655 quae
957 574 1088 650 scilicet,
1122 581 1238 634 tacente
1258 574 1339 654 ipso,

139 691 290 776 ‹tocculla'
320 691 450 769 pectoris
483 688 671 769 patefecisse.
723 685 831 746 Tamen
867 695 1016 765 postremo
1054 681 1163 742 Sullam
1190 653 1340 744 'accersiri

138 799 262 878 tiabat,
296 808 325 860 et
354 818 391 859 ex
419 800 481 859 eius
511 799 652 858 sententia
675 795 816 857 Numidae
843 773 961 856 insidias
986 794 1086 856 tendit.
1126 775 1263 870 Deinde,
1285 794 1338 854 'ubi

167 911 229 972 dias
260 909 377 974 advenit
405 919 435 969 et
461 910 488 970 ei
517 909 673 969 nuntiatum
702 916 763 984 est,
793 907 960 986 Iugurtham
987 903 1061 966 haud
1088 902 1192 982 procul
1221 904 1338 982 abesse,

168 1039 231 1082 cum
249 1021 351 1102 paucis
372 1021 472 1080 amicis
498 1028 527 1078 et
548 1026 705 1097 quaestore
726 1027 827 1077 nostro
850 1017 932 1096 quasi
963 1014 1067 1074 obvius
1094 1011 1213 1071 honoris
1235 1031 1338 1074 caussa

139 1132 300 1212 oprocsdit
328 1133 355 1190 in
377 1131 512 1193 tumulum
541 1128 716 1188 facillumum
741 1127 803 1188 visu
832 1123 1040 1187 insidiantibus.
1084 1121 1197 1182 Eodem
1215 1121 1337 1184 Numida

167 1265 229 1306 cum
254 1245 403 1325 plerisque
425 1240 601 1303 necessariis
613 1239 673 1298 suis
695 1237 828 1314 inermis,
853 1238 892 1296 uti
914 1233 1019 1295 dictum
1042 1241 1121 1308 erat,
1143 1233 1272 1312 aceedit,
1302 1251 1337 1294 ac

139 1365 154 1415 7
167 1357 276 1433 statim,
301 1357 385 1432 signo
409 1355 494 1429 dato,
524 1349 649 1428 undique
672 1347 754 1407 simul
778 1367 815 1408 cx
835 1346 945 1407 insidiis
966 1343 1118 1404 invaditur.
1164 1341 1262 1402 Ceteri
1285 1343 1335 1404 ob-

164 1467 303 1536 truncati;
331 1465 469 1544 iugurtha
492 1461 592 1522 Sullae
611 1461 725 1520 vinctus
747 1458 886 1536 traditur,
918 1465 956 1516 et·
972 1453 1008 1514 ab
1032 1471 1068 1514 eo
1089 1451 1125 1512 ad
1145 1453 1267 1514 diarium
1285 1454 1334 1516 dc-

165 1575 267 1638 ductus
286 1586 340 1637 est.
1223 1630 1231 1646 ‚

250 1685 354 1747 CXlV.
398 1686 455 1747 Per
476 1685 551 1745 idem
572 1690 686 1761 tempus
710 1678 865 1740 advorsum
891 1677 992 1740 Gallos
1016 1673 1052 1735 ab
1076 1671 1198 1732 ducibus
1227 1673 1336 1732 nostris

138 1799 203 1874 20.
227 1796 378 1877 Caepione
406 1806 434 1856 et
455 1797 508 1858 Cn.
529 1792 636 1854 lilanlio
658 1789 734 1849 male
755 1797 926 1868 pugnatum
958 1803 1014 1864 quo
1036 1791 1113 1842 metu
1135 1780 1217 1841 ltalia
1243 1783 1336 1840 omnis

166 1916 389 1968 contremuerat.
434 1905 536 1984 Ibique
561 1901 677 1963 atinde
700 1918 791 1977 usque
814 1898 849 1958 ad
872 1904 998 1954 nostram
1021 1889 1187 1952 memoriam
1212 1891 1334 1949 Romani

164 2021 208 2080 sic
232 2018 376 2098 habuere,
404 2017 457 2078 alia
487 2015 579 2074 omnia
606 2010 702 2069 virtuti
729 2025 799 2067 suae
829 2023 920 2085 prona
950 2021 1036 2079 esse,
1067 2017 1130 2059 cum
1160 1998 1250 2058 Gallis
1280 2015 1334 2078 pro

135 2130 270 2208 asciare,
299 2148 357 2189 non
380 2147 434 2208 pro
458 2124 553 2205 gloria
580 2130 704 2182 certare.
756 2117 814 2177 Sed
844 2124 997 2195 postquam
1023 2109 1130 2170 bellum
1156 2108 1185 2167 io
1204 2107 1333 2168 Numidia

163 2241 327 2301 coniectum
350 2249 380 2300 et
402 2235 567 2316 Iugurtham
585 2232 704 2324 Romam
727 2229 852 2288 vinctum
876 2224 979 2286 adduci
1005 2220 1161 2282 nuntiatum
1184 2227 1245 2296 εει,
1275 2203 1334 2278 lila-

162 2352 221 2411 rius
250 2351 350 2412 consul
379 2348 486 2410 absens
516 2348 625 2420 iactus,
662 2348 690 2398 et
719 2339 746 2398 ei
776 2337 895 2397 decreta
924 2332 1075 2416 provincia
1106 2328 1214 2398 Gallia;
1249 2329 1332 2408 isque

161 2537 278 2588 babillus
296 2537 400 2601 videri,
425 2534 563 2587 Bocchum
584 2547 644 2582 cere
662 2543 726 2578 eun·
768 2525 790 2587 Ι,
810 2524 852 2585 33,
871 2525 897 2574 4.
917 2523 940 2586 Ι,
959 2523 1003 2586 40,
1022 2522 1047 2572 5.
1070 2518 1141 2571 Vell.
1159 2517 1197 2581 11,
1210 2517 1236 2580 8,
1249 2515 1274 2568 3.
1293 2514 1331 2578 11,

160 2620 263 2668 etatum
282 2633 352 2669 esse.
769 2601 816 2665 12,
835 2603 862 2652 2·

195 2731 221 2778 2.
241 2729 304 2779 idem
323 2721 449 2789 ambobus]
471 2739 509 2773 sc.
526 2721 627 2780 Sullae,
651 2733 680 2768 se
700 2716 725 2768 ei
802 2695 828 2744 2·
848 2708 896 2758 ΨΜ
913 2689 987 2756 melu]
1012 2707 1038 2741 Va
1057 2691 1092 2739 ad
1110 2689 1171 2740 Cal·
1190 2686 1215 2750 8,
1236 2689 1272 2736 5·-

159 2804 322 2855 traditurum
346 2801 519 2868 Iugurtham,
554 2800 638 2862 tepula
664 2795 723 2846 Sul·
802 2792 900 2860 Ibique]
926 2795 944 2844 i.
964 2809 990 2843 a.
1009 2797 1037 2844 et
1055 2798 1120 2842 tum.

159 2876 222 2930 '³¹¹¹’
801 2900 837 2950 sic
855 2893 976 2960 habuere]
998 2895 1016 2945 i.
1037 2910 1060 2947 e.
1078 2895 1106 2943 iu
1125 2909 1157 2944 ea
1175 2893 1251 2943 fuere
1273 2905 1332 2940 sen-

194 2987 220 3039 3.
243 2984 319 3052 voltur]
353 3003 379 3036 v.
405 2987 440 3036 ad
463 2986 523 3050 lug.
548 2983 591 3046 34,
613 2981 638 3032 1.
662 2981 724 3030 Gor·
766 2975 865 3036 tentia3
898 2972 935 3023 ci.
962 2971 1030 3021 (leto
1061 2969 1094 3019 de
1123 2972 1156 3020 R.
1181 2970 1214 3018 R.
1242 2967 1330 3032 praef.

156 3069 229 3129 por-is
249 3080 303 3114 vox
326 3079 380 3113 non
403 3065 493 3112 mutat
520 3075 643 3122 sensum,
663 3062 724 3107 tan·
766 3053 882 3104 Maiores
895 3050 975 3100 nostri
991 3050 1040 3098 sic
1057 3045 1246 3098 babuerunt.
1273 3043 1330 3094 Cic.

158 3142 296 3193 tummodo
330 3138 512 3206 oppositionis
544 3150 644 3186 caussa
678 3134 724 3185 ad·
765 3132 835 3196 Epp.
857 3128 892 3180 ed
908 3129 1014 3180 Famm.
1033 3125 1107 3186 XVI,
1120 3127 1147 3186 4,
1158 3124 1183 3174 8.
1202 3121 1330 3173 Sioda·
1419 3189 1426 3200 .

159 3222 227 3272 dita.
764 3202 854 3274 beto,
872 3211 905 3260 mi
924 3206 995 3276 Tiro,
1014 3204 1129 3254 nearinem
1148 3217 1217 3266 esce,
1236 3203 1279 3266 qai
1294 3217 1331 3250 me

193 3329 348 3398 dinocratis]
369 3305 587 3388 Ablativus'asm
604 3325 640 3376 ef.
661 3324 721 3387 Iug.
763 3296 841 3347 Μ’
862 3289 919 3352 qum
937 3285 1002 3334 idem
1019 3290 1043 3332 ιθ
1063 3289 1136 3331 amet·

796 3405 845 3453 pro
865 3391 946 3441 salute
969 3413 1002 3422 -·
1025 3381 1135 3449 certare]
1161 3381 1197 3432 cl.
1218 3381 1276 3432 (lic.
1296 3379 1329 3430 da

160 3413 218 3570 ¹⁰3³
239 3411 264 3463 L
446 3521 452 3532 ·
645 3507 647 3512 .
763 3467 817 3520 Off.
834 3467 857 3531 1,
879 3468 921 3528 12,
940 3465 983 3516 38.
1001 3464 1059 3514 Cum
1077 3461 1181 3512 Cimbris
1196 3459 1283 3510 bellum
1301 3465 1330 3507 ut

208 3520 314 3587 “aarum
331 3547 365 3558 ⁸-
382 3513 504 3583 mdlmr]
525 3515 557 3566 Id
575 3515 676 3566 factum
695 3527 721 3562 ἃ·
762 3560 815 3594 cum
836 3546 939 3594 inimicia
961 3541 1110 3608 parebatur,
1135 3548 1208 3589 uter
1230 3543 1329 3595 esset,

160 3599 218 3652 Μ’
238 3617 264 3650 a·
285 3599 346 3649 ΟΜ
361 3615 388 3649 n'
761 3640 819 3675 non
837 3633 912 3674 uter
930 3624 1122 3687 imperaret.
1136 3645 1172 3654 —-
1188 3615 1266 3665 Salus
1280 3615 1330 3680 igi-

193 3709 289 3760 CXIV·
315 3709 340 3759 Ῑ·
376 3709 430 3758 Pei
450 3707 514 3756 idem
537 3712 631 3764 imiimi
655 3693 719 3761 ΕΜ]
761 3709 806 3754 tur
820 3702 896 3753 valet
914 3702 955 3751 die
973 3700 1106 3748 Exiatanz.
1119 3723 1154 3732 —
1168 3696 1211 3743 Dc
1230 3693 1330 3742 omisso

157 3785 255 3836 Clades
273 3786 321 3836 illa
345 3785 448 3836 accidit
472 3781 573 3833 a.105.
602 3794 628 3827 a.
648 3775 720 3838 Obm,
766 3798 794 3832 ,ρ
812 3779 972 3846 pronomine
990 3793 1016 3825 v,
1038 3773 1072 3822 ad
1090 3772 1151 3822 Cat·
1170 3768 1213 3831 31,
1235 3771 1260 3821 7.

156 3880 209 3928 quo
227 3871 348 3932 tempore
364 3864 466 3914 Marius
485 3858 620 3925 Iugurtha
636 3859 719 3921 calm)
796 3883 822 3934 3.
846 3881 933 3932 constal
950 3876 1042 3927 absens
1064 3868 1160 3938 sactus]
1195 3869 1228 3918 Id
1249 3866 1330 3917 vulda

155 3941 244 3991 adhuc
267 3942 295 3990 in
314 3941 408 3992 Africa
428 3937 600 3989 Versabatur·
619 3963 653 3972 ”“
678 3932 720 3980 De
764 3959 903 4011 insolitum
918 3955 984 4017 fuit,
1004 3957 1031 4003 et
1048 3946 1164 4012 insignis
1181 3945 1284 3996 favoris
1297 3959 1330 3994 ac

155 4021 183 4069 Vi
218 4036 267 4083 per·
296 4017 507 4086 praepositionis
536 4031 563 4064 v.
598 4011 632 4060 ad
661 4010 723 4074 lug.
764 4037 880 4088 fiduciae
904 4034 933 4083 in
952 4030 1040 4081 Mario
1059 4027 1165 4091 positae
1186 4023 1329 4072 documen-

155 4099 203 4162 63’
226 4100 250 4151 1⁸
763 4121 839 4178 ium3
867 4110 988 4166 absentis
1012 4107 1081 4159 enim
1100 4104 1127 4153 in
1150 4101 1266 4152 comitiis
1286 4115 1329 4149 ra·

192 4203 291 4270 Gratias]
321 4203 462 4256 Communi
487 4200 595 4251 illorum
619 4203 722 4260 tempo·
763 4195 802 4245 tio
827 4208 881 4242 non
900 4188 1062 4240 habebatur.
1090 4181 1126 4232 ci.
1146 4180 1225 4230 Caes.
1244 4179 1277 4229 Β.
1297 4176 1327 4226 C.

154 4301 212 4336 rum
238 4299 328 4333 erroro
358 4281 502 4333 Sallustius
533 4279 619 4329 Gallos
644 4274 720 4337 dicit,
763 4273 786 4336 Ι,
805 4271 831 4334 9,
845 4272 870 4321 2.
896 4269 1008 4320 Sunion,
1029 4263 1108 4314 Caes,
1130 4254 1329 4310 18,26,F10r,

155 4363 203 4429 qui
219 4361 338 4411 Geranani
351 4361 474 4421 iucrunt;
494 4356 530 4408 cf.
545 4355 624 4406 Caes.
641 4355 674 4404 B.
687 4351 720 4403 G.
762 4351 785 4413 Ι,
808 4345 867 4410 113,
886 4347 912 4400 b.
1056 4425 1095 4487 15

1104 4424 1120 4461 a
