3028 4852
318 301 366 350 nu
389 299 570 349 suunusuu
593 301 695 369 v1rn,
719 301 867 350 meanto
889 301 934 350 nc
956 301 1120 350 uoarnus.
1284 285 1304 344 9

134 461 218 520 venit
239 457 387 534 dubitare,
411 477 476 519 num
499 457 573 521 llaec
594 477 665 519 vera
687 460 758 528 sint;
781 476 882 519 omnes
905 458 1035 520 credunt.
1080 458 1173 533 Quum
1197 455 1305 518 Cicero

135 571 314 631 insimulatur
335 570 563 632 coniurationis
582 568 791 631 Cutilinorioe
812 569 951 630 occultum
973 573 1084 629 auctor
1103 567 1222 647 fuisse,
1244 585 1305 648 quo

134 681 288 743 liberator
306 679 396 741 ardis
416 698 487 742 esse
502 689 629 758 posset,
657 679 689 740 in
706 687 888 742 testamento
908 677 1105 757 locupletium
1126 678 1305 758 irrepsisse,

133 810 255 854 summo
283 791 468 854 crudelitate
497 791 530 853 in
558 793 641 854 cicer
674 791 843 868 saeviisse,
878 807 936 850 nou
965 789 1101 850 creditur.
1150 789 1190 849 At
1221 807 1306 868 quum

135 885 291 964 Sallustius
322 904 451 980 arguitur
479 912 613 982 tanquam
645 903 721 962 alter
745 901 867 963 Catilina
892 919 950 960 non
981 899 1074 961 solum
1100 900 1307 979 pessimorum

134 1014 269 1076 omnium
288 1014 393 1075 socius
411 1012 526 1093 fuisse,
550 1014 608 1074 scd
625 1013 802 1091 exemptor,
825 1011 972 1092 quicquid
987 1011 1229 1090 impudicorum,
1251 1011 1305 1072 cil·

133 1125 254 1199 lenum,
281 1123 536 1202 parricidarum,
565 1123 807 1204 sacrilegorum,
834 1121 1007 1184 deditorum
1032 1121 1129 1201 sumit
1155 1121 1188 1182 in
1216 1121 1305 1199 urde,

133 1235 328 1314 municipiis,
348 1235 493 1312 coloniis,
511 1242 576 1297 toto
588 1233 701 1310 ltolio,
718 1233 763 1294 od
774 1229 987 1311 lsocAfricom
1004 1233 1199 1312 prouinciam
1217 1233 1305 1313 ropi-

134 1346 185 1406 nis
204 1344 248 1406 ud
260 1347 497 1406 internecionem
514 1352 675 1421 curtasse,
699 1343 835 1420 credunt,
858 1351 992 1422 tanquam
1010 1343 1078 1404 nihil
1098 1345 1205 1404 certius
1227 1353 1307 1405 esset

135 1465 224 1534 atque
236 1455 426 1534 exploratius.
450 1456 508 1516 Sed
523 1456 655 1517 nolumus
668 1455 782 1533 singula
800 1453 920 1514 ulterius
933 1455 1080 1534 persequi.
1103 1455 1164 1516 Res
1177 1457 1250 1516 enirn
1264 1457 1306 1516 sic

136 1585 169 1626 se
183 1567 286 1628 habel:
301 1575 349 1627 aut
362 1569 470 1645 pariter
482 1586 552 1628 vera
567 1575 643 1644 sunt,
658 1585 732 1646 quae
746 1565 925 1626 declamator
938 1563 975 1624 de
989 1563 1133 1624 Cicerone
1148 1566 1247 1642 habet,
1259 1575 1307 1626 aul

137 1679 163 1737 si
177 1677 224 1738 illa
239 1676 312 1738 lalsa
327 1687 406 1755 sunl,
425 1678 498 1739 falsa
515 1678 616 1755 etiarn,
636 1696 711 1757 quae
730 1677 766 1737 de
783 1675 921 1735 Sallustio
937 1674 1087 1752 leguntur;
1106 1677 1130 1735 si
1144 1677 1192 1756 qui
1211 1686 1305 1738 autern

135 1796 217 1865 sunl,
230 1789 278 1868 qui
297 1789 418 1848 alterum
435 1789 537 1850 lalsurn
552 1796 666 1867 putant,
685 1788 805 1848 alterum
824 1805 940 1861 verum,
961 1784 1096 1864 prolecto
1115 1789 1208 1864 magis
1221 1788 1306 1847 etiarn

44 1961 48 1968 ,
133 1901 287 1978 incipiunt,
317 1917 402 1978 quam
425 1900 598 1978 ineptiarum
620 1899 733 1959 illarum
757 1907 874 1974 auctor,
899 1896 948 1977 qui
970 1893 1022 1955 tuis
1042 1897 1305 1976 insipientissimus.

219 2011 285 2072 Non
315 2011 389 2070 intra
411 2010 516 2070 scrinia
540 2027 661 2090 pressas
690 2009 782 2070 fuisse
811 2008 876 2068 illas
898 2007 1142 2085 declamationes,
1172 2009 1224 2070 scd
1246 2026 1305 2068 rna·

134 2133 199 2183 ture
222 2122 386 2200 divulgatae
414 2129 444 2180 et
466 2138 520 2199 pro
550 2121 684 2198 genuinis
706 2120 835 2197 habitas,
863 2137 899 2180 eo
928 2119 1135 2197 cognoscitur,
1164 2120 1241 2200 quod
1264 2118 1305 2179 al-

133 2244 212 2311 tera,
234 2251 308 2313 quac
326 2233 455 2292 Sallustii
474 2233 502 2290 in
522 2230 696 2292 Ciceronem
714 2233 814 2310 fertur,
835 2232 890 2292 ianr
910 2251 925 2293 a
943 2232 1119 2308 Quintiliano
1139 2230 1190 2308 IV,
1208 2231 1234 2306 1,
1254 2230 1305 2292 68.

132 2352 318 2404 memoratur.
356 2343 438 2406 Haud
460 2361 559 2421 parurn
582 2343 669 2420 igilur
689 2344 868 2402 auctoritatis
890 2344 973 2403 simul
997 2362 1060 2403 curn
1077 2343 1184 2403 Lenaei
1204 2339 1305 2400 libello

133 2464 254 2532 nactae,
284 2453 420 2532 prolecto
446 2461 546 2513 contra
576 2454 704 2514 auctoris
732 2461 856 2514 mentem
880 2454 1031 2534 plurimum
1060 2453 1243 2514 contulerunt
1269 2451 1305 2512 ad

131 2565 238 2626 malam
262 2565 365 2624 lamam
388 2563 426 2623 de
447 2565 593 2642 corruptis
614 2563 742 2624 Sallustii
764 2562 893 2624 moribus
915 2564 1110 2643 excitandam,
1134 2559 1304 2624 ecntlrman·

134 2676 198 2737 dam
221 2684 309 2754 atque
331 2673 560 2754 propagandam.
606 2671 651 2733 Eo
674 2672 780 2734 iactum
804 2683 863 2751 est,
894 2684 923 2735 ut
946 2677 1092 2752 seriores,
1119 2677 1184 2754 qui,
1212 2675 1305 2755 qualis

133 2787 290 2850 Sallustius
320 2785 438 2861 luisset,
474 2803 532 2844 non
562 2802 599 2843 cx
631 2793 767 2844 accurata
796 2784 911 2845 illorum
944 2793 1106 2865 temporum
1136 2785 1305 2864 cognitione

133 2901 259 2976 eiusque
285 2896 429 2955 actionum
458 2897 593 2974 vitaeque
622 2893 801 2955 domesticae
833 2896 934 2956 notitia
969 2895 1091 2975 speciali
1125 2895 1304 2972 didicissent,

130 3010 182 3071 sed
208 3009 340 3068 haustam
359 3024 397 3065 ex
420 3005 541 3066 turbidis
560 3004 619 3064 illis
641 3004 770 3064 lontibus
794 3005 831 3065 de
857 3023 893 3066 eo
915 3007 1082 3085 opinionem
1105 3007 1200 3066 animo
1223 3004 1304 3064 imbi-

130 3121 264 3194 bissent,
294 3115 386 3177 sicubi
415 3116 451 3176 de
480 3133 518 3176 eo
547 3115 655 3175 mentio
685 3115 841 3193 incideret,
876 3125 982 3194 sponte
1011 3118 1093 3195 quasi
1122 3124 1151 3174 el
1179 3112 1305 3174 sollenni

129 3231 220 3291 ruodo
248 3237 377 3288 veterem
409 3227 581 3288 cantilenam
615 3224 651 3285 de
678 3226 741 3285 eius
775 3243 886 3286 morum
917 3227 1031 3288 infamia
1062 3234 1210 3287 canerent.
1260 3225 1303 3286 lta

128 3342 260 3402 Laclant.
285 3338 355 3399 lnsl.
380 3338 445 3397 [liv.
469 3335 511 3413 ll,
538 3337 587 3396 12.
618 3333 710 3420 Quoad
735 3335 874 3416 quidem,
904 3339 1012 3416 inquit,
1045 3357 1106 3398 nou
1126 3336 1209 3417 [rupit
1236 3337 1303 3397 luo·

55 3465 61 3476 ·
129 3453 265 3514 minem
288 3466 450 3530 nequam
472 3445 669 3522 Sallustium,
704 3446 757 3525 qui
781 3445 844 3506 uit.-
872 3446 930 3506 sed
951 3447 1050 3508 omnis
1068 3454 1179 3510 nostro
1200 3447 1249 3509 cis
1273 3447 1305 3507 in

131 3564 237 3625 animo
258 3565 287 3620 et
309 3575 443 3636 corpore
461 3558 524 3618 site
546 3562 614 3627 cst;
634 3555 732 3616 animi
752 3556 900 3635 imperio,
923 3558 1068 3636 eorporis
1089 3559 1216 3621 servitio
1237 3574 1304 3617 mo-

129 3676 179 3754 pis
206 3671 330 3732 utimur.
376 3669 488 3745 Recte,
517 3667 546 3728 si
568 3667 615 3728 ito
637 3667 782 3744 vicisset,
809 3674 844 3728 ut
870 3664 992 3728 locutus
1020 3676 1074 3730 est.
1127 3667 1307 3730 Scroicil

132 3784 230 3844 enim
257 3779 509 3861 foedissimis
544 3777 838 3857 voluptatibus,
882 3797 1070 3860 serumque
1103 3781 1189 3859 ipse
1215 3797 1302 3839 scu·

133 3893 299 3956 lentium
320 3890 431 3951 vitoe
449 3888 661 3969 pravitate
680 3887 877 3950 dissoluit.
921 3889 1052 3950 Maerob.
1074 3892 1189 3950 Saturn.
1209 3887 1253 3964 ll,
1272 3889 1304 3950 9.

133 4005 221 4068 llaec
243 4001 429 4075 Sallustius,
449 3999 658 4080 pronissimus
680 3999 838 4060 clionee
865 3999 1049 4061 lucurioc
1071 3999 1255 4080 odiurpotor
1276 4003 1307 4060 ei

133 4131 253 4177 censor.
306 4110 469 4187 Symmach.
497 4108 575 4189 Epp.
601 4111 644 4185 V,
677 4110 728 4172 68.
764 4109 918 4172 Statuerit
950 4109 1010 4173 lucc
1039 4112 1176 4189 scriptor
1207 4110 1304 4170 stilo

132 4232 280 4286 tuntum
295 4220 506 4302 prodendus,·
526 4238 599 4280 nom
618 4239 758 4281 morum
779 4221 868 4282 cius
888 4221 1029 4284 domne
1050 4240 1112 4282 non
1128 4221 1248 4299 sinunt,
1271 4227 1305 4283 ut

133 4335 175 4396 ab
196 4333 251 4396 illo
273 4332 415 4413 opcndoe
436 4332 521 4394 citos
537 4338 666 4412 petatur
691 4331 876 4392 auctoritas.
922 4334 1033 4409 Quibus
1060 4333 1231 4393 testimoniis
1255 4335 1304 4412 qui
