3028 4852
207 305 226 366 2
572 316 846 365 rnonaoounun.
891 317 968 365 cna.
991 317 1015 364 1.
1113 302 1118 312 '

206 491 329 552 magnos
350 475 378 532 in
400 473 616 551 magistratibus
638 475 777 552 gerendis
800 484 922 536 eventus
944 475 1057 553 babuit,
1088 485 1118 536 et
1140 475 1227 536 multa
1247 485 1304 536 tum
1324 475 1377 534 ini·
1484 509 1485 518 ι

206 588 345 647 micorum
368 584 475 644 invidia
502 593 560 644 turn
583 586 712 663 ipsorum
735 595 897 665 temporum
920 587 1070 665 iniquitate
1095 595 1237 666 expertus
1260 594 1306 645 est
1328 584 1378 644 ad-

206 717 294 759 versa
323 696 378 776 (ei.
401 692 465 754 Cat.
493 695 527 772 3,
548 695 613 772 3.),
642 715 717 775 quae
747 715 795 756 res
825 698 960 758 effecisse
988 697 1118 775 videtur,
1148 706 1178 757 ut
1203 715 1260 756 non
1283 695 1379 755 solum

208 810 308 888 priore
331 815 464 886 tempore
487 826 588 887 parum
612 807 667 868 sibi
690 809 718 866 in
747 826 843 867 rerum
869 808 1049 887 publicarum
1080 809 1252 868 tractatione
1276 806 1379 885 place·

208 929 269 995 ret,
293 919 345 979 sed
368 927 516 996 postremo
539 928 617 980 tanto
641 937 739 980 earum
761 918 859 978 taedio
880 928 1052 998 caperetur,
1076 928 1106 979 ut
1125 928 1249 979 aetatem
1273 916 1380 996 procul

208 1029 398 1110 erepublica
424 1031 566 1108 agendam
593 1029 768 1090 decerneret
798 1027 878 1108 (Cat.
902 1031 992 1108 4,1.
1020 1028 1084 1107 lug.
1109 1031 1147 1107 4,
1178 1030 1235 1107 3.).
1280 1029 1379 1104 Quae·

208 1152 303 1218 stura,
333 1158 418 1220 quarn
444 1139 488 1199 bis
517 1141 627 1218 gessit,
650 1140 771 1219 primum
799 1139 854 1220 (ci.
878 1138 1083 1200 Pseudo-(lic.
1107 1139 1230 1200 declam.
1255 1140 1283 1199 in
1305 1138 1379 1198 Sall.

209 1273 235 1314 c.
258 1252 322 1329 5.),
351 1252 375 1311 si
399 1259 540 1311 consueto
564 1260 593 1310 et
612 1250 742 1328 legitimo
765 1259 899 1330 tempore
925 1251 1062 1329 obtinuit,
1092 1269 1118 1310 a.
1141 1252 1191 1313 59.
1212 1270 1238 1311 a.
1259 1248 1328 1311 cnr.
1350 1267 1380 1308 n.

209 1365 300 1445 (695.
324 1380 351 1420 u.
375 1362 418 1439 c.)
441 1362 556 1421 iunctus
579 1369 632 1420 est.
684 1359 754 1419 Turn
778 1379 803 1420 a.
827 1361 877 1421 52.
900 1380 926 1421 a.
949 1362 1017 1424 cnr.
1037 1380 1065 1421 n.
1095 1362 1184 1442 (702.
1207 1381 1234 1422 ιι.
1262 1362 1305 1439 c.)
1328 1360 1379 1419 tri-

208 1476 302 1535 bunus
324 1471 420 1550 plebis
442 1471 537 1533 lactus
554 1472 696 1532 acerrime
716 1471 869 1550 Milonem,
892 1474 940 1551 qui
958 1474 1038 1533 initio
1061 1472 1139 1533 illius
1162 1473 1227 1532 anni
1244 1470 1380 1532 clodium

209 1584 375 1659 occiderat,
404 1582 601 1660 impugnavit,
636 1582 723 1659 eique
754 1591 783 1641 et
805 1580 960 1660 Ciceroni,
990 1583 1203 1644 studiosissimo
1236 1582 1299 1641 eins
1328 1599 1379 1659 pa·

208 1705 313 1772 trono,
335 1692 547 1753 inimicissimas
571 1691 724 1750 contiones
748 1711 810 1752 cunr
835 1692 870 1767 Q.
892 1693 1032 1772 Pompeio
1053 1703 1082 1753 et
1104 1693 1232 1754 Munatio
1255 1691 1379 1767 Planco,

208 1805 369 1866 tribunatus
389 1802 527 1878 collegis,
547 1799 646 1860 habuit
672 1801 727 1881 (ci.
748 1801 858 1861 Ascon.
882 1803 909 1862 in
931 1804 1032 1864 blilon.
1056 1821 1085 1882 p.
1109 1803 1160 1865 38.
1184 1803 1235 1864 39.
1254 1804 1304 1862 45.
1326 1803 1380 1863 ta.

177 1906 181 1914 ’
208 1919 260 1981 50.
285 1912 481 1990 51.,οιε11.).
532 1910 617 1987 Quod
650 1911 700 1990 qui
729 1910 835 1971 iactum
870 1931 937 1973 esse
968 1914 1066 1974 dicunt
1091 1923 1214 1993 propter
1241 1929 1379 1973 summum

210 2025 338 2086 Sallustii
357 2025 386 2084 in
408 2021 546 2084 Milonem
574 2021 669 2081 odium
692 2039 729 2080 ex
751 2022 835 2098 gravi
858 2032 886 2082 et
907 2024 1083 2100 ignominiae
1106 2024 1192 2103 plena
1214 2022 1379 2083 offensione

210 2137 246 2197 de
265 2154 298 2195 re
319 2136 422 2195 uxoria
441 2140 632 2209 conceptum,
656 2132 795 2191 incertam
814 2150 874 2191 rem
896 2152 950 2212 pro
973 2143 1052 2194 certa
1072 2133 1194 2203 habent;
1218 2132 1270 2192 sed
1290 2132 1379 2191 multo

212 2248 344 2326 potiores
364 2254 393 2304 et
414 2244 570 2321 graviores
592 2243 661 2302 tanti
684 2243 809 2320 impetus
833 2261 955 2302 caussae
979 2244 1164 2322 quaerendae
1184 2253 1248 2304 sunt
1270 2244 1298 2302 in
1321 2251 1379 2302 stu-

210 2357 265 2417 diis
293 2355 415 2435 partium
441 2353 591 2431 civilibus,
621 2370 695 2431 quae
719 2353 774 2412 iarn
804 2361 862 2412 tum
893 2353 968 2414 adeo
996 2363 1182 2432 exarserant,
1217 2363 1264 2431 ut,
1293 2370 1380 2432 quum

211 2465 298 2542 lililo,
329 2465 416 2525 horno
439 2464 694 2542 profligatissimus
722 2472 751 2522 et
774 2462 999 2542 audacissimus,
1030 2464 1187 2526 nobilitatis
1211 2481 1379 2544 propugna-

211 2587 305 2637 torem
327 2553 516 2652 sequeret,
547 2574 642 2636 clodii
666 2575 774 2636 caedes
802 2574 876 2636 baud
905 2575 1018 2652 ingrata
1041 2576 1103 2636 eius
1129 2575 1304 2636 adversariis
1330 2592 1380 2634 oc·

213 2688 293 2749 casio
319 2686 466 2748 videretur
489 2695 637 2747 auctorem
663 2687 734 2746 tanti
755 2685 895 2746 facinoris
924 2677 1126 2762 aggrediendi.
1171 2686 1283 2761 Quibus
1311 2703 1381 2745 con-

211 2796 389 2859 tentionibus
416 2796 517 2855 mirum
547 2814 604 2856 non
633 2805 677 2856 est
698 2789 863 2856 S'allustium
894 2796 922 2855 in
949 2813 1081 2873 magnam
1104 2797 1283 2876 optimatium
1308 2797 1381 2856 invi·
1489 2781 1490 2804 ³

212 2909 287 2970 diam
314 2907 441 2966 venisse.
489 2908 571 2983 Quae
595 2924 680 2985 quum
710 2913 747 2966 ec
776 2915 948 2984 augeretur,
980 2906 1076 2984 quod,
1105 2924 1191 2985 quum
1216 2906 1271 2964 iam
1296 2914 1382 2964 antea

213 3020 299 3079 animi
319 3019 363 3078 sui
382 3017 488 3078 iudicio
506 3016 645 3078 Caesaris
667 3016 798 3077 consiliis
820 3017 957 3094 lavisset,
979 3025 1174 3094 gravescente
1194 3014 1302 3076 indies
1323 3033 1382 3075 ma·

212 3130 259 3204 gis
290 3128 422 3206 Pompeii
454 3127 608 3188 insolentia
635 3136 795 3205 senatuque
823 3127 959 3207 paulatim
989 3127 1136 3186 atrociora
1164 3126 1192 3184 in
1222 3124 1383 3186 Caesarem

213 3238 371 3314 moliente,
393 3237 523 3317 apertius
545 3237 600 3297 ianr
626 3247 656 3298 et
678 3237 836 3298 studiosius
853 3237 936 3296 huius
959 3246 1058 3315 partes
1081 3235 1275 3315 sequebatur,
1297 3236 1382 3296 Porn-

214 3349 311 3428 peiani
339 3350 443 3425 quovis
471 3346 557 3406 modo
582 3347 717 3408 iniectum
745 3347 800 3407 sibi
830 3345 974 3406 bominem
1003 3346 1172 3425 opprimere
1202 3355 1232 3406 et
1258 3364 1383 3424 arepu-

214 3460 290 3520 blica
312 3474 416 3518 arcere
431 3456 609 3518 studuerunt.
653 3457 745 3536 lgitur
768 3475 854 3537 quum
877 3454 1101 3535 abbatim.
1122 3476 1149 3516 n.
1173 3457 1262 3537 (704.
1285 3457 1383 3535 uso.)

215 3570 329 3650 Appius
351 3566 489 3630 Claudius
516 3575 546 3626 et
570 3567 600 3626 L.
624 3567 691 3628 Piso
715 3585 856 3628 censores
878 3567 984 3628 multos
1006 3565 1144 3630 Caesaris
1170 3568 1296 3646 amicos,
1321 3584 1383 3626 mo-

215 3698 277 3740 rum
302 3679 368 3740 labe
393 3679 508 3758 quidem
534 3697 593 3738 non
615 3677 772 3760 immunes,
804 3677 858 3740 sed
885 3679 994 3740 ceteris
1018 3678 1203 3740 senatoribus
1229 3695 1288 3737 non
1314 3696 1382 3757 pro-

216 3790 384 3866 brosiores,
414 3790 498 3852 alium
524 3789 581 3850 alia
608 3789 645 3850 de
675 3805 779 3848 caussa
807 3800 908 3851 senatu
936 3799 1089 3851 moverent
1112 3788 1183 3870 (Dio
1212 3788 1295 3850 (lass.
1320 3787 1382 3865 XL,

215 3901 300 3979 60),
324 3899 477 3961 Sallustius
500 3918 618 3980 quoque
639 3897 692 3959 sub
715 3896 772 3958 hoc
792 3909 944 3978 praetextu
968 3903 1080 3962 eiectus
1102 3910 1164 3977 est,
1188 3899 1265 3979 quod
1288 3900 1382 3960 disso-

216 4011 283 4072 lutis
305 4020 387 4072 esset
405 4011 550 4088 moribus,
576 4027 651 4088 quae
675 4027 724 4070 res
746 4009 891 4070 nonnullis
916 4030 952 4072 eo
976 4021 1113 4091 spectare
1135 4012 1198 4072 visa
1219 4020 1281 4088 est,
1303 4010 1382 4090 quod

217 4121 245 4180 in
265 4122 434 4200 suspicione
455 4131 518 4182 erat
540 4138 604 4182 cum
625 4119 742 4180 llilonis
764 4138 874 4197 uxore,
903 4121 1027 4200 Fausta,
1057 4123 1155 4184 Sullae
1177 4121 1252 4198 lilia,
1282 4121 1311 4180 in
1332 4120 1381 4180 ad-

217 4231 323 4292 ulterio
357 4230 559 4310 deprehensus
596 4239 625 4290 et
654 4231 803 4292 allilone
832 4230 958 4308 llagellis
986 4251 1091 4294 caesus
1117 4245 1206 4309 esse,
1236 4240 1266 4293 ut
1296 4231 1383 4293 tradit

216 4343 312 4404 Varro
334 4341 411 4419 apud
434 4339 631 4416 Gettxvtt,
660 4336 707 4398 18.
734 4338 834 4400 Scbol.
862 4339 898 4401 ad
917 4341 987 4402 llor.
1011 4343 1070 4404 Sat.
1093 4342 1122 4420 l,
1150 4341 1185 4418 2,
1206 4341 1246 4404 42
1274 4350 1303 4402 et
1328 4339 1382 4402 48.
