3024 4852
216 281 276 342 156
623 293 654 342 c.
678 293 846 344 saunusna
868 295 981 344 ueteri

298 452 392 514 XXX.
444 425 600 532 Postquam
628 470 677 514 ras
702 453 731 511 in
760 453 860 516 birica
889 464 1006 534 gestas,
1039 475 1157 536 quoque
1186 454 1278 516 modo
1310 465 1414 518 actae

213 565 328 641 iurent,
355 563 429 622 tama
458 562 635 643 divulgavit,
665 567 777 628 Romae
806 585 860 646 per
884 569 978 628 omnis
999 568 1086 629 locos
1115 575 1144 627 et
1165 561 1341 626 conventus
1369 567 1412 626 de

213 674 294 735 iacto
318 673 448 761 consulis
471 674 585 752 agitari.
629 673 717 756 Apud
741 675 858 755 plebem
880 681 982 756 gravis
1004 678 1125 756 invidia,
1148 686 1248 758 patres
1267 677 1410 738 solliciti

214 794 312 857 erant;
342 785 540 866 probarentne
565 794 673 847 tantum
695 787 850 866 flagitium,
879 806 915 849 an
935 789 1084 850 decretum
1110 787 1239 848 consulis
1262 787 1407 848 subvor-

213 906 325 976 terent,
348 915 449 978 parum
468 896 631 958 constabat.
674 894 721 957 Ac
742 915 874 959 maxume
892 918 946 960 eos
966 899 1096 981 potentia
1117 899 1235 976 Scauri,
1259 899 1350 978 quod
1378 901 1433 964 isa

211 1018 314 1070 auctor
342 1016 372 1070 et
399 1009 499 1069 socius
529 1007 646 1068 Bestiae
671 1008 838 1087 ferebatur,
876 1029 892 1071 a
921 1029 994 1072 vero
1023 1011 1161 1089 bonoque
1196 1010 1402 1090 impediebat.

211 1119 250 1180 m
274 1119 314 1180 G.
328 1106 493 1196 biemmins,
520 1120 600 1180 cuins
620 1119 657 1178 de
679 1119 813 1180 libertate
839 1121 936 1200 ingeni
962 1130 992 1182 et
1019 1121 1086 1182 odio
1111 1121 1260 1201 potentiae
1280 1122 1429 1185 nobili-3

212 1231 278 1291 tatis
305 1230 550 1312 supradiximus,
574 1232 648 1290 inter
670 1229 877 1292 dubitationem
905 1242 935 1294 et
955 1251 1052 1294 moras
1075 1241 1206 1310 senatus,
1234 1234 1400 1293 concioni·

213 1340 267 1401 bus
289 1341 429 1422 populum
451 1341 487 1402 ad
505 1341 706 1402 vindicandum
727 1343 851 1423 bertari,
873 1361 1009 1421 monere,
1040 1362 1077 1404 ne
1098 1341 1330 1423 rempublicam,
1356 1363 1399 1404 ne

212 1451 374 1513 libertatem
397 1470 476 1512 snam
499 1435 685 1531 deserebant,
711 1454 799 1514 multa
816 1453 950 1535 superba
973 1463 1002 1514 et
1028 1453 1155 1515 crudelia
1178 1454 1313 1515 facinora
1340 1473 1397 1514 no-

213 1562 331 1623 bilitatis
359 1562 531 1633 ostendere;
561 1581 683 1642 prorsus
711 1566 836 1624 intentus
863 1566 939 1624 omni
961 1565 1049 1625 modo
1071 1565 1167 1646 plebis
1188 1565 1317 1624 animum
1341 1585 1395 1626 ao-

211 1672 364 1734 cendebat.
416 1674 474 1734 Sed
513 1675 648 1754 quonium
684 1693 717 1736 ea
751 1684 924 1755 tempestate
956 1677 1067 1737 Romae
1100 1677 1214 1738 Memmi
1245 1676 1422 1745 iacnndiau

213 1787 291 1848 clara
314 1787 492 1867 pollensque
513 1786 582 1863 init,
611 1785 719 1847 decere
743 1787 915 1846 existumavi
937 1804 1021 1848 unam
1049 1807 1087 1849 en
1115 1798 1171 1850 tam
1195 1787 1293 1846 multis
1317 1806 1391 1848 ora·

211 1899 318 1959 tionem
338 1899 402 1959 eius
423 1896 624 1978 perscribere;
646 1916 690 1958 ac·
704 1899 893 1977 potissumum
914 1915 948 1957 ea
968 1897 1076 1976 dicam,
1101 1917 1175 1978 quae
1194 1899 1223 1958 in
1245 1899 1392 1958 contione

212 2018 280 2090 post
300 2010 422 2071 reditum
443 2009 559 2069 Bestiae
582 1999 779 2068 huiuscemodi
799 2007 899 2068 verbis
920 2009 1071 2070 disseruit:
1390 2059 1394 2066 .

295 2119 403 2182 XXXI.
448 2120 535 2182 Multa
564 2137 610 2180 me
640 2117 827 2180 dehortantur
856 2137 872 2178 a
900 2119 1001 2199 vobis,
1029 2121 1172 2198 Quirites,
1205 2121 1233 2179 ni
1258 2119 1389 2180 studium

211 2231 392 2312 reipublicae
415 2207 508 2290 omnia
532 2240 669 2309 superet,
692 2247 767 2310 opes
788 2229 939 2308 iectionis,
961 2241 1061 2293 vostra
1083 2232 1235 2313 patientia,
1254 2232 1300 2290 ins
1319 2233 1389 2292 nul·

118 2427 121 2434 ’
210 2409 351 2482 praeesset
365 2416 481 2467 comitiis
496 2417 703 2481 magistratuum
718 2433 774 2468 ere·
816 2418 893 2469 Brut.
915 2417 961 2481 36,
983 2419 1041 2471 136.
1067 2420 1094 2470 G.
1113 2427 1138 2470 et
1149 2419 1183 2470 L.
1197 2419 1308 2471 Menapii
1325 2423 1389 2484 fue-

212 2495 352 2546 andorum.
815 2504 875 2544 runt
897 2504 1016 2547 oratores
1042 2499 1194 2560 mediocres,
1217 2505 1389 2549 coamatores

246 2573 331 2625 XXX.
347 2573 373 2624 1.·
387 2569 643 2637 res—pestusete.]
659 2561 773 2620 Decon-
814 2589 890 2624 acres
903 2583 978 2640 atquc
994 2575 1088 2627 acerbi.
1124 2577 1215 2642 Itapae
1229 2578 1389 2627 iutudiciaan
1474 2589 1475 2602 ³

211 2651 361 2704 structione
379 2651 486 2703 variata
504 2666 531 2700 v.
550 2650 585 2701 ad
604 2648 665 2699 cd.
684 2649 708 2712 5,
727 2649 754 2700 9.
815 2654 1011 2716 capitismuttos
1029 2663 1162 2718 vocarant,
1183 2669 1233 2719 pro
1254 2659 1308 2706 reis
1331 2672 1387 2706 nort

235 2746 286 2793 per
297 2735 374 2783 omnm
387 2728 464 2795 locos]
477 2727 773 2795 Perqnamquamsiue
814 2745 892 2794 saepe
914 2734 1043 2784 dixerunt.
1076 2733 1202 2799 Iniquins
1227 2733 1321 2784 Cicero
1347 2736 1387 2786 de

211 2823 307 2859 sensus
324 2809 558 2862 detrimentosum
571 2811 596 2858 ia
609 2809 636 2856 et
646 2803 701 2855 abl.
712 2819 771 2870 per·
814 2812 930 2874 atroque
939 2810 1066 2861 Memmio
1078 2810 1225 2874 iudicavit,
1241 2811 1305 2877 quia
1317 2828 1385 2877 par-

210 2888 309 2940 matari
326 2892 432 2954 potest,
451 2887 560 2953 proprie
579 2891 670 2937 tamen
688 2882 780 2948 signi·r
812 2887 886 2937 tibus
904 2888 1081 2953 popularibus
1099 2889 1204 2941 addicti
1218 2891 1337 2941 fuerunt.

209 2971 326 3021 ficatres
339 2965 772 3035 quasiindistinctesnpermnlta
848 2981 920 3016 auam
938 2983 974 3018 ee
996 2976 1046 3018 tam
1062 2971 1143 3020 inuitis
1161 2967 1309 3034 credonem]
1339 2972 1381 3022 cf.

208 3048 269 3099 loca
287 3046 399 3098 diffusas
419 3062 493 3110 esse,
512 3061 599 3112 neque
618 3049 691 3095 certo
711 3044 770 3094 loeo
814 3043 874 3108 lug.
895 3043 941 3109 19,
966 3047 992 3097 7.
1010 3045 1139 3112 Pleraque
1160 3062 1196 3097 em
1212 3048 1315 3099 Punicis
1331 3065 1381 3112 op-

209 3124 353 3177 contineri.
370 3173 373 3180 ,
810 3123 883 3186 pide.
1211 3153 1219 3166 .

243 3212 269 3260 2.
287 3206 430 3273 constabat]
450 3222 488 3257 sc.
501 3208 547 3264 iis,-
562 3206 599 3258 ci.
612 3206 673 3256 Cat.
687 3204 729 3269 53,
743 3207 769 3256 4.
845 3204 905 3261 past
928 3196 1033 3246 reditum
1056 3199 1173 3267 Bestiae]
1209 3201 1302 3254 Rediit
1331 3201 1381 3256 ille

243 3301 260 3336 a
275 3302 335 3337 aero
346 3314 379 3323 -
392 3281 549 3348 inpediebat]
565 3283 607 3336 Ad
615 3281 770 3348 analogiam
813 3278 911 3327 exacta
931 3278 1036 3325 aestate
1055 3277 1120 3327 anni
1140 3278 1198 3330 lll.
1220 3296 1246 3331 a.
1264 3279 1329 3330 Chr.
1347 3296 1379 3330 n.

208 3362 342 3428 prohibere
359 3361 436 3410 verbi
453 3359 572 3422 impedire
591 3374 652 3409 cum
665 3375 681 3408 a
694 3375 771 3424 prae.
799 3373 802 3378 ·
846 3352 979 3404 XXXU.
994 3353 1273 3422 dehortantaraaobis]
1289 3357 1379 3408 Paulo

210 3441 346 3505 positione
368 3440 570 3496 constructum
598 3436 634 3488 cf.
660 3435 717 3486 Cic.
741 3454 770 3503 p.
811 3430 972 3482 insolentius
1001 3431 1102 3483 dictum
1133 3435 1283 3500 significet:
1316 3435 1379 3486 bor-

208 3523 278 3572 Mnr.
298 3516 345 3579 18,
363 3515 407 3568 39.
427 3515 452 3564 A
471 3515 637 3567 delectatione
651 3521 715 3568 anmi
728 3534 769 3568 ne.
812 3515 918 3574 tantur,
946 3525 981 3561 ne
1000 3527 1088 3562 rerum
1106 3518 1260 3565 vostrarum
1283 3530 1376 3565 curam

206 3599 281 3666 potita
298 3596 452 3658 impedimur.
812 3589 968 3654 suscipiam.

242 3673 268 3726 3.
286 3670 377 3739 supra]
401 3673 437 3723 ei.
456 3672 499 3735 27,
518 3672 543 3721 2.
847 3669 925 3716 ni-
946 3663 1059 3730 saperet]
1097 3667 1157 3730 Quo
1176 3671 1290 3720 ,constet
1312 3683 1374 3718 con-

240 3747 565 3817 ,wrm-ammeta]
592 3748 770 3811 Quemadmo.
811 3743 927 3794 iunctivi
944 3745 1097 3809 praesentis
1112 3744 1193 3808 ratio,
1209 3744 1277 3795 haec
1295 3747 1373 3811 qnasi

208 3831 270 3882 dum
287 3845 395 3894 proruas
412 3825 548 3895 particula
567 3842 612 3891 ea,
635 3841 705 3892 quae
723 3827 770 3879 ad·
811 3839 844 3874 ex
862 3828 951 3874 mente
969 3817 1061 3874 earum
1078 3837 1177 3885 rerum,
1196 3837 1267 3887 quae
1284 3823 1373 3874 debor-

207 3910 261 3960 hnc
273 3908 327 3958 dici
338 3907 459 3973 possint,
477 3906 506 3956 in
519 3920 601 3955 unum
613 3903 770 3970 complecti·
810 3904 864 3952 tari
879 3900 1014 3963 dicuntur,
1033 3901 1178 3965 repetenda
1196 3905 1269 3952 sunt.

207 3995 251 4039 tur
269 3985 306 4053 (v.
326 3987 361 4037 ad
379 3985 439 4036 Cat.
461 3985 503 4048 15,
521 3985 570 4048 5.),
592 3985 632 4033 ita
649 3987 771 4034 accende·
842 3975 972 4044 satana]
986 3978 1004 4028 i.
1018 3993 1041 4028 e.
1055 3978 1370 4043 pancornmpotentium‚

207 4067 250 4116 bat
284 4063 472 4130 imperfectum
505 4062 701 4126 expositionem
735 4061 768 4112 de
811 4055 1275 4121 optimatium30f.ad1ug.8,1.

206 4142 326 4193 Memmii
356 4140 510 4191 actionibus
541 4155 590 4204 per
617 4138 767 4190 infinitivus
844 4131 1001 4198 ius-nullum]
1020 4133 1040 4184 i.
1058 4149 1082 4186 e.
1101 4134 1169 4185 iuris
1184 4134 1293 4185 solutio.

207 4235 377 4286 progressam
393 4217 525 4278 absolvit3
544 4218 580 4268 ci.
601 4217 660 4268 Oat.
675 4217 723 4280 56,
739 4221 765 4271 4.
845 4221 870 4270 2.
889 4219 953 4268 Nam
970 4221 1015 4268 illa
1032 4221 1130 4284 quidem
1142 4221 1212 4285 pipet
1226 4217 1291 4284 etc]
1320 4218 1370 4270 His

208 4297 269 4360 lug.
290 4291 336 4356 15,
355 4297 381 4344 2.
809 4297 899 4347 verbis
916 4295 1069 4346 illustretur
1087 4298 1252 4362 praecedens
1267 4301 1371 4348 senten·

240 4373 268 4423 4.
287 4370 387 4419 Menate·
401 4366 536 4432 remedia]
555 4370 598 4420 De
612 4384 645 4418 ea
656 4369 692 4420 ct.
708 4368 765 4422 Cic.
808 4372 861 4422 tie:
875 4375 942 4437 qaod
951 4375 1104 4424 innocentiae
1116 4375 1174 4438 ptus
1183 4377 1292 4440 perterrti
1300 4391 1371 4441 qaam
