3028 4852
204 274 243 335 18
565 245 836 332 Pnonueonunn.
881 284 956 332 cnr.
980 286 1016 332 11.

203 442 267 503 dam
288 443 441 518 imaginem
462 439 659 521 proponendi,
683 449 760 500 tanta
780 441 823 500 sui
842 439 1030 501 admiratione
1051 440 1181 500 lectores
1200 441 1316 521 implet,
1341 451 1373 501 ut

203 555 303 612 mirum
326 569 384 612 nou
406 553 443 612 sit
460 571 525 612 eum
543 552 598 612 iam
619 551 745 630 antiquis
765 553 858 612 uisum
879 570 947 612 esse
970 568 1072 610 omnes
1093 554 1263 631 superiores
1281 552 1372 612 histo·

202 664 283 722 ricos
305 663 394 740 longe
416 681 583 742 superasse.

230 764 233 770 ’
287 771 391 851 Neque
413 763 507 836 tamen
537 772 601 834 sola
628 792 725 833 rerum
755 775 928 834 tractatione
957 788 1020 831 eam
1050 771 1164 832 laudem
1194 780 1374 832 consecutus

203 897 265 964 est,
296 887 348 948 sed
370 903 427 946 non
446 887 539 945 minus
561 885 700 944 orationis
722 887 898 963 praestantia
921 887 1038 962 meruit,
1070 896 1100 945 ut
1129 884 1374 963 praeclarissimis

202 997 394 1078 scriptoribus
416 1004 635 1069 annumeretur,
666 1012 837 1074 quamquam
858 994 944 1073 plane
966 993 1110 1056 diversam
1137 995 1212 1055 viam
1236 994 1313 1070 iniit,
1342 1001 1376 1053 ut

201 1107 315 1196 dicendi
348 1107 452 1168 virtute
482 1105 702 1165 inclaresceret.
752 1105 825 1167 Nam
856 1114 886 1165 ut
917 1107 944 1166 in
974 1125 1069 1168 rerum
1105 1101 1374 1184 componendarum

202 1227 264 1280 arte
287 1217 377 1294 longe
400 1233 470 1276 suae
498 1216 601 1276 aetatis
624 1215 862 1276 consuetudinem
886 1234 1080 1294 praegressus
1104 1225 1163 1292 est,
1193 1217 1231 1274 ita
1255 1215 1282 1272 in
1306 1231 1373 1273 ora-

202 1331 280 1389 tione
300 1325 507 1386 coniormanda
529 1342 586 1384 non
605 1326 698 1386 solum
721 1345 785 1386 eum
805 1344 915 1386 morem
938 1345 995 1386 non
1016 1328 1123 1402 tenuit,
1145 1326 1193 1404 qui
1212 1342 1265 1384 usu
1288 1323 1373 1401 quasi

200 1436 345 1499 stabilitus
374 1446 402 1496 et
431 1444 569 1514 receptus
596 1436 662 1514 luit,
693 1435 745 1496 sed
772 1437 875 1497 relicta
905 1436 1000 1514 aliqua
1032 1455 1070 1496 ex
1096 1445 1178 1515 parte
1208 1432 1373 1512 aequalium

200 1545 315 1608 dicendi
337 1544 545 1606 consuetudine
568 1545 604 1606 ad
627 1547 811 1624 pristinorum
834 1548 1009 1626 scriptorum
1035 1545 1202 1624 exemplum
1230 1561 1297 1604 sese
1320 1563 1372 1623 ap-

201 1657 315 1736 plicans
340 1657 515 1734 antiquitatis
550 1657 646 1736 potius
673 1656 803 1717 colorem
832 1655 975 1734 quendam
1006 1665 1036 1715 et
1068 1658 1255 1735 asperitatem
1286 1671 1373 1733 quam

200 1767 311 1847 politae
333 1757 468 1827 diclionis
498 1767 672 1844 elegantiam
699 1774 827 1826 sectatus
850 1775 904 1826 est.
950 1766 1103 1840 Quaeres
1132 1784 1191 1826 uon
1216 1766 1309 1842 magis
1332 1783 1372 1824 ex

200 1877 341 1956 peculiari
363 1879 425 1938 eius
448 1887 549 1938 natura
574 1886 660 1955 atque
686 1876 784 1937 indole
806 1894 891 1955 quam
916 1885 1158 1955 extemporum,
1182 1877 1210 1936 in
1230 1893 1305 1955 quae
1328 1876 1370 1934 in-

200 1988 284 2066 cidit,
314 1989 445 2065 tristitia,
476 1999 505 2050 et
527 1987 708 2067 reipublicae
733 1989 895 2048 corruentis
919 1987 1028 2079 aillictp
1050 1994 1139 2063 statu,
1172 1987 1218 2045 cui
1240 1983 1370 2064 implica·

199 2105 245 2156 tus
263 2098 333 2175 luit,
357 2098 517 2176 repetenda
540 2107 595 2156 est.
640 2095 711 2156 Acri
730 2098 804 2157 enim
824 2099 941 2175 ingenio
964 2097 1118 2175 animoque
1139 2097 1265 2174 ingenuo
1285 2112 1369 2174 prae·

187 2205 273 2264 'ditus
300 2215 387 2284 atque
414 2224 525 2266 summo
554 2204 696 2266 libertatis
728 2224 828 2266 amore
855 2209 991 2266 incensus
1022 2225 1108 2285 quum
1137 2207 1228 2285 primo
1258 2205 1294 2266 ad
1320 2223 1371 2264 res

200 2315 301 2392 populi
323 2318 433 2375 romani
460 2317 590 2376 florentis
612 2317 837 2400 cognoscendas
858 2326 949 2378 totum
972 2336 1004 2377 se
1028 2317 1171 2394 dedisset,
1199 2316 1370 2393 veterisque

116 2414 123 2422 ’
199 2425 312 2483 virtutis
332 2441 470 2487 romanae
494 2425 616 2488 vividam
639 2428 792 2505 imaginem
814 2429 908 2487 animo
932 2429 1136 2507 concepisset,
1168 2427 1216 2488 ubi
1236 2426 1272 2486 ad
1294 2443 1369 2485 rem·

200 2533 346 2614 publicam
374 2539 514 2615 accessit,
546 2537 739 2597 infestissimis
762 2536 993 2596 contentionibus
1016 2539 1162 2598 exercitus
1185 2535 1369 2598 adversario-

200 2663 260 2705 rum
279 2643 538 2706 machinationibus
561 2648 599 2706 ita
620 2657 740 2708 vexatus
759 2657 789 2707 et
808 2649 1021 2708 circumventus
1043 2657 1106 2724 est,
1129 2656 1177 2724 ut,
1201 2665 1286 2724 quum
1305 2647 1370 2706 siue

199 2771 340 2814 successu
370 2756 398 2814 in
428 2755 580 2834 republica
610 2756 790 2835 laborasset,
822 2757 907 2818 valde
936 2757 992 2817 sibi
1018 2758 1046 2815 in
1075 2757 1201 2834 negotiis
1229 2754 1370 2832 gerendis

198 2861 380 2942 displiceret.
425 2865 530 2945 Neque
554 2875 675 2946 postea,
704 2870 834 2946 quamvis
857 2877 885 2926 et
908 2866 1045 2928 Caesaris
1073 2867 1166 2942 gratia
1190 2867 1310 2926 lloreret
1339 2875 1370 2924 et

197 2993 305 3035 summa
335 2977 399 3036 eius
428 2975 615 3037 admiratione
638 2987 801 3055 teneretur,
830 2977 878 3037 ubi
907 2978 985 3038 illum
1008 2976 1044 3036 ad
1067 2977 1252 3037 evertendam
1281 2975 1369 3045 liber-

197 3093 284 3144 tatem
305 3086 425 3146 tendere
448 3087 605 3165 intellexit,
628 3090 750 3148 animum
763 3088 898 3149 'mutasse
923 3087 1065 3165 putandus
1085 3095 1145 3156 est;
1170 3105 1255 3165 quam
1276 3105 1369 3164 aegre

197 3195 273 3254 euim
301 3195 392 3255 ierret
422 3196 585 3257 libertatem
615 3216 631 3257 a
658 3198 800 3260 dictatore
830 3215 923 3276 paene
954 3197 1113 3274 sublatam,
1149 3217 1186 3258 ex
1213 3214 1249 3256 eo
1278 3206 1370 3276 patet,

200 3303 277 3382 quod
300 3320 336 3364 eo
359 3303 453 3364 adbuc
475 3307 543 3366 vivo
572 3325 597 3367 a·
613 3309 739 3387 negotiis
772 3307 858 3386 plane
884 3308 1022 3384 recessit,
1054 3308 1174 3386 otioque
1203 3304 1367 3366 voluntario

198 3413 360 3474 molestiam
381 3433 419 3473 ex
441 3414 530 3474 rebus
553 3416 679 3496 publicis
705 3426 819 3497 captam
839 3415 932 3476 lenire
955 3417 1071 3477 studuit.
1116 3418 1272 3495 Postquam
1292 3434 1365 3477 vero

199 3520 327 3582 Caesare
351 3521 505 3585 interiecto
527 3528 695 3607 respublica
715 3530 754 3587 ita
777 3526 902 3588 lacerari
922 3537 1029 3607 coepta
1052 3537 1115 3605 est,
1139 3535 1169 3586 ut
1193 3527 1274 3587 salva
1296 3545 1365 3586 esse

197 3631 277 3691 nullo
306 3631 392 3693 modo
423 3646 539 3714 posset,
570 3653 628 3696 nou
659 3638 754 3697 solum
781 3637 809 3695 in
838 3637 961 3698 consilio
990 3655 1043 3697 suo
1068 3637 1282 3716 perseveravit,
1313 3634 1365 3696 sed

198 3740 378 3820 reipublicae
400 3744 531 3823 interitu,
558 3764 644 3824 quem
665 3747 785 3829 instare
798 3745 997 3824 intelligebat,
1026 3745 1100 3808 adeo
1125 3754 1286 3807 commotus
1308 3757 1366 3824 est,

197 3858 228 3910 ut
248 3850 334 3930 plane
356 3854 463 3915 omissa
490 3873 585 3915 rerum
597 3857 802 3934 praesentium
826 3875 895 3918 cura
920 3858 1015 3917 animo
1041 3875 1074 3916 se
1102 3857 1138 3918 ad
1167 3857 1364 3936 antiquitatem

196 3960 338 4036 referret,
368 3964 496 4039 virtutis,
521 3963 709 4042 fortitudinis,
738 3967 932 4027 continentiae
961 3967 1119 4046 exemplis,
1154 3985 1230 4045 quae
1257 3967 1364 4028 frustra

197 4077 255 4128 tum
284 4070 512 4148 quaerebantur,
541 4071 741 4136 abundantem.
786 4076 914 4151 Quorum
942 4076 1187 4154 contemplatione
1216 4095 1301 4155 quum
1330 4093 1364 4135 se

198 4179 401 4240 consolaretur
421 4183 602 4263 animumque
624 4185 766 4263 erigeret,
791 4194 849 4245 tum
870 4187 993 4246 maxima
1018 4185 1206 4247 admiratione
1228 4186 1266 4246 Μ.
1292 4186 1362 4246 l’or·

196 4287 271 4348 cium
294 4287 434 4352 Catonem
457 4289 642 4368 Censorium,
673 4293 790 4372 scriptis
817 4292 962 4372 lactisque
991 4294 1117 4372 perlecti
1141 4296 1264 4357 Romani
1292 4295 1362 4354 ima·
