3070 4852
475 343 666 394 ruounnnn.
701 345 731 392 c.
755 345 931 392 cxxxvru.
953 345 1098 392 nxxxur.
1309 335 1371 396 2¹9

174 515 274 566 :tsoos
298 505 433 566 tutandos
455 505 483 565 in
506 523 604 566 manus
625 513 785 566 venturum.
830 499 889 564 Sed
911 502 959 562 nbi
987 502 1065 563 illum
1088 501 1191 583 procul
1214 502 1320 564 abesse
1344 513 1373 564 et

202 617 267 677 aliis
287 617 413 694 negotiis
434 618 569 678 intentum
591 618 722 697 accepit,
743 615 850 676 maiora
872 624 901 675 et
920 614 1013 692 magis
1032 631 1137 693 aspera
1157 613 1280 691 aggredi
1302 621 1372 674 tern-

175 737 257 808 4pus
286 728 377 788 visum
412 736 466 788 est.
510 727 582 789 Erat
613 730 687 789 inter
716 727 843 805 ingentis
870 723 1041 786 solitudines
1072 722 1209 804 oppidum
1237 743 1372 803 magnum

203 849 290 918 atque
313 840 414 902 valens
442 840 557 900 nomine
576 839 689 919 (lapsa,
718 839 799 899 euius
827 835 961 897 conditor
982 833 1125 896 Hercules
1153 833 1240 910 libys
1266 853 1373 896 memo·

203 947 329 1012 rabatnr.
373 949 444 1011 Eius
465 949 547 1011 ciues
572 949 647 1030 apud
669 949 836 1027 lugurtbam
859 948 1016 1023 immunes,
1041 945 1100 1006 levi
1124 945 1260 1024 imperio,
1284 955 1314 1005 et
1333 947 1371 1008 ob

204 1079 239 1120 ea
267 1060 436 1122 fidelissumi
464 1058 659 1136 habebantur,
693 1059 790 1119 muniti
824 1057 979 1118 advorsum
1011 1055 1105 1116 bostis
1137 1072 1195 1116 non
1223 1056 1374 1119 moenibus

203 1171 290 1233 modo
311 1180 340 1232 et
362 1171 449 1232 armis
472 1179 559 1250 atque
580 1170 666 1248 viris,
691 1187 789 1229 verum
813 1168 898 1228 etiam
915 1166 1005 1226 multo
1024 1166 1117 1243 magis
1136 1166 1267 1228 locorum
1288 1186 1372 1248 aspe-

175 1283 300 1343 5ritate.
344 1280 417 1341 Nam
442 1289 562 1361 praeter
590 1280 700 1359 oppido
731 1279 895 1359 propinqua
923 1264 978 1337 alia
1006 1277 1099 1336 omnia
1128 1286 1226 1357 vasta,
1256 1278 1373 1357 inculta,

203 1393 320 1470 egentia
342 1409 452 1471 aquae,
475 1390 579 1451 inlesta
603 1391 804 1471 serpentibus,
827 1405 947 1468 quorum
970 1390 1030 1466 vis,
1056 1389 1130 1449 sicut
1154 1391 1276 1450 omnium
1297 1391 1372 1451 iera-

202 1521 282 1579 rum,
304 1503 401 1582 inopia
426 1499 483 1560 oibi
502 1502 611 1572 acrior;
636 1501 671 1562 ad
692 1502 750 1562 boc
767 1508 866 1560 natura
890 1499 1083 1578 serpentium,
1107 1499 1170 1578 ipsa
1195 1503 1372 1581 perniciosa,

173 1613 248 1672 oniti
269 1615 362 1690 magis
385 1630 468 1692 quam
496 1612 605 1675 aliare
629 1611 807 1674 accenditur.
851 1609 921 1670 llius
950 1610 1078 1688 potiundi
1101 1610 1219 1673 llarium
1242 1631 1373 1674 maxuma

204 1723 309 1802 cupido
339 1724 501 1802 invaserat,
528 1742 613 1803 quum
643 1732 764 1804 propter
793 1739 875 1782 usum
899 1719 986 1798 belli,
1014 1730 1071 1781 tum
1101 1723 1167 1800 quia
1195 1741 1244 1784 res
1267 1743 1373 1803 aspera

202 1833 370 1913 videbatur,
392 1844 421 1895 et
443 1833 579 1896 bletellus
602 1834 741 1915 oppidum
761 1833 880 1893 Thalam
901 1847 1006 1908 magna
1027 1830 1123 1909 gloria
1143 1842 1279 1912 ceperat,
1298 1833 1373 1894 baud

204 1943 381 2004 dissimiliter
404 1947 486 2004 situm
509 1947 719 2024 munitumque,
751 1944 805 2002 nisi
827 1941 905 2022 quod
926 1941 1002 2022 apud
1020 1939 1139 2001 Thalam
1159 1959 1215 2002 non
1240 1943 1330 2020 longe
1356 1962 1373 2004 a

204 2054 356 2115 moenibus
377 2055 489 2134 aliquot
506 2055 604 2116 sontes
626 2064 722 2132 erant,
747 2051 915 2134 Capsenses
936 2070 990 2113 nna
1013 2051 1115 2129 modo,
1139 2061 1226 2131 atque
1247 2071 1281 2112 ea
1301 2053 1373 2114 intra

176 2165 360 2246 toppidum,
382 2165 442 2243 iugi
464 2183 553 2244 aqua,
578 2174 676 2225 cetera
698 2164 795 2244 pluvia
818 2163 979 2224 utebantur.
1023 2163 1055 2224 ld
1076 2161 1174 2241 ibique
1197 2171 1225 2222 et
1247 2165 1275 2223 in
1297 2163 1373 2223 omni

202 2276 320 2354 Airica,
345 2296 419 2357 quae
442 2277 546 2357 procul
568 2295 584 2337 a
604 2277 674 2336 mari
693 2273 827 2335 incultius
846 2273 966 2352 agebat,
991 2292 1027 2334 eo
1048 2273 1161 2334 facilins
1182 2274 1374 2352 tolerabatur,

182 2388 269 2466 ·qnia
287 2387 429 2449 Numidae
456 2389 627 2468 plerumque
654 2387 731 2447 lacte
754 2393 783 2445 et
808 2385 900 2445 lerina
923 2403 1011 2446 carne
1032 2384 1246 2464 vescebantur,
1276 2395 1305 2445 ct
1323 2403 1372 2445 ne-

162 2475 261 2577 ¹8que
290 2500 380 2561 salem
402 2517 497 2579 neque
520 2501 574 2560 alia
603 2500 778 2559 irritamenta
807 2495 894 2573 gulae
914 2494 1106 2572 quaerebant;
1137 2496 1219 2558 cibus
1244 2496 1302 2556 illis
1324 2496 1373 2557 ad·

204 2627 321 2670 vorsum
344 2612 448 2672 iamern
471 2619 559 2689 atque
583 2610 671 2687 sitim,
693 2626 751 2668 non
774 2606 894 2667 lubidini
915 2623 1010 2686 neque
1029 2606 1160 2668 luxuriae
1183 2616 1254 2667 erat.

200 2798 320 2860 perimus.
344 2797 401 2846 Cio.
428 2796 462 2846 de
480 2796 532 2847 Off.
554 2796 580 2859 1,
606 2796 650 2858 17,
669 2794 711 2845 58.
736 2792 768 2842 Si
808 2782 1018 2858 γαζοφυλάκιον
1044 2791 1096 2842 τοῦ
1121 2783 1297 2856 Ἰουγούρθα
1326 2808 1373 2843 no-

202 2875 357 2935 eomporntr'o
376 2875 437 2937 (lot,
458 2873 545 2938 quibus
567 2875 699 2936 plarbnum
720 2872 766 2920 tri-
809 2870 904 2920 minat.

202 2951 324 3018 bbendum
343 2951 419 3013 offici.
443 2950 480 3002 ib.
499 2951 526 3016 1,
549 2950 598 3013 43,
619 2949 677 3001 152.
704 2949 766 2998 Pot-
843 2951 967 3016 bonanae]
989 2966 1027 3004 sc.
1046 2950 1153 3002 tributi.

202 3036 241 3079 0⁸¹
266 3029 378 3078 infidele
407 3029 576 3090 conparatio,
609 3028 641 3078 de
670 3027 765 3077 d²¹⁰b1¹⁸
841 3033 1010 3100 laudabantur]
1031 3036 1074 3086 Ad
1088 3036 1238 3099 fidelissumi
1256 3034 1372 3086 relatum

202 3115 283 3156 ulrum
300 3105 436 3156 dOnCSlqu·
806 3115 883 3166 velet
900 3112 1049 3163 tenebantur
1063 3112 1107 3162 vel
1126 3121 1215 3176 erant,
1234 3113 1269 3164 ad
1289 3116 1372 3163 bamu-

237 3190 386 3241 LXXXIX.
407 3191 430 3242 l.
448 3188 521 3255 melu]
541 3205 579 3239 ⁸0·
593 3204 662 3253 ouem
673 3189 766 3238 indide-
806 3212 865 3256 aec,
885 3196 934 3244 lcoi
950 3193 1054 3257 imperio
1070 3192 1207 3258 significat
1225 3194 1373 3244 mactaban-

201 3269 245 3318 bat
260 3268 407 3331 oppidanis:
425 3267 483 3319 sive
501 3269 582 3318 etiam
598 3268 682 3330 rebus,
701 3283 765 3332 quoe
806 3282 848 3324 aar
865 3269 912 3337 (ci.
926 3269 986 3320 Cal.
1002 3270 1114 3335 11‚5.);
1133 3287 1159 3321 v.
1178 3272 1212 3322 ad
1222 3273 1283 3338 Iug.
1295 3273 1372 3334 54,2.

202 3357 288 3398 ”telum
306 3348 464 3411 Offilfebssnlt
487 3364 513 3399 v·
538 3347 573 3398 ad
591 3347 651 3413 Ing.
672 3348 719 3410 23,
742 3349 763 3400 l·
842 3365 867 3415 5.
885 3361 990 3430 infesta]
1017 3364 1035 3416 i.
1056 3379 1080 3416 e.
1107 3363 1277 3429 offensionis,
1303 3365 1373 3431 peri·

202 3425 250 3488 66,
273 3426 297 3476 l·
806 3442 861 3493 culi
879 3447 906 3493 et
923 3441 1044 3492 horroris
1061 3441 1152 3507 piena.

236 3522 261 3570 2.
280 3519 415 3568 mediocria
430 3517 547 3585 perabat]
570 3519 587 3570 i.
608 3534 631 3570 e.
650 3534 693 3570 res
712 3534 765 3569 me·
841 3525 909 3593 ipsc]
935 3528 953 3578 i.
981 3543 1005 3581 e.
1030 3543 1077 3592 per
1101 3543 1145 3591 se,
1169 3526 1245 3577 nulle
1269 3528 1324 3580 alia
1341 3546 1370 3580 re

200 3596 306 3648 diceres
330 3611 417 3662 neque
439 3598 531 3663 magni
553 3598 681 3648 momenti
705 3613 765 3662 per·
807 3603 967 3666 accedentum
986 3621 1012 3656 v.
1032 3605 1067 3655 ad
1084 3605 1144 3670 Ing.
1162 3605 1212 3669 (tlt,
1231 3608 1257 3656 4.

201 3675 335 3741 peirabai·
841 3693 867 3744 6.
890 3691 952 3759 lupi]
981 3693 1000 3744 i.
1023 3709 1047 3745 e.
1075 3694 1203 3758 perenni,
1233 3710 1370 3761 nunquam

131 3779 136 3787 ·
235 3765 260 3813 in
283 3775 369 3810 rannus
395 3758 534 3826 uenturum]
563 3761 581 3812 i.
609 3774 632 3812 e.
656 3775 764 3810 manum
806 3788 861 3822 „012
880 3769 1055 3822 scaturiente,

201 3843 404 3894 consertorumt
424 3836 564 3926 sf.Tacit.
576 3836 647 3886 Aml-
664 3837 703 3900 11,
720 3835 763 3898 ⁸02
842 3860 867 3907 7.
887 3853 991 3920 norbet]
1015 3853 1168 3904 Insolentiae
1191 3854 1271 3904 buius
1293 3856 1370 3905 verbi

201 3923 227 3972 4·
260 3918 293 3969 Ul
318 3928 434 4004 ”flere
455 3928 485 3961 ‘⁷¹
510 3929 635 3973 manus,
665 3920 765 3963 ”elima
807 3933 842 3985 ad
861 3933 978 3997 Africam
995 3931 1076 3983 relati
1095 3947 1126 3982 eo
1140 3932 1279 3995 minuitur,
1298 3933 1371 3997 quod

201 4005 275 4061 ledda
293 3994 392 4044 0512003·
805 4018 899 4079 aperte
918 4014 1016 4062 incolae
1034 4011 1204 4077 cogitantem
1223 4028 1250 4062 v.
1264 4011 1299 4061 ad
1308 4013 1368 4080 Ing.

236 4090 261 4142 3.
280 4086 388 4154 appredr'
404 4091 498 4146 tempus
515 4085 591 4133 nawa
607 4082 655 4149 est]
681 4099 708 4134 v.
728 4084 763 4134 ad
805 4093 854 4155 55,
874 4093 899 4142 2.
1384 4090 1387 4096 ’

202 4169 260 4219 Oai·
280 4167 310 4227 4,
331 4163 355 4213 Ῑ·
840 4177 865 4228 8.
884 4171 1035 4238 stensele]
1062 4173 1081 4223 i.
1100 4189 1122 4224 e.
1144 4174 1191 4222 toli
1209 4173 1263 4224 cibo
1288 4173 1371 4240 (lacte

236 4263 261 4311 4.
280 4254 376 4321 anso]
397 4255 430 4304 In
442 4251 562 4318 Byzacio
575 4251 629 4302 sita
648 4257 706 4302 erat
723 4252 764 4301 in·
806 4259 833 4304 et
852 4255 941 4304 lerina
960 4249 1053 4316 carne)
1072 4251 1212 4309 utebantur,
1231 4256 1279 4317 qai,
1299 4271 1371 4318 qurum

203 4343 243 4387 ter
273 4332 427 4399 Bagradam
458 4333 485 4380 et
518 4329 657 4380 Tritonem
690 4333 762 4381 teste
804 4347 847 4380 eor
857 4339 882 4381 et
892 4333 973 4381 oleret
983 4345 1062 4395 aeque
1070 4331 1136 4381 sitim
1146 4335 1280 4391 cantaret,
1289 4331 1371 4381 simul

203 4412 336 4466 Strabone
351 4408 437 4460 XVII.
451 4423 476 4472 p.
491 4406 583 4470 1118„
600 4406 647 4472 qui
659 4423 719 4458 eam
730 4399 762 4456 τὸ
805 4409 952 4459 advorsum
965 4408 1064 4458 famem
1079 4411 1160 4473 atquo
1176 4407 1249 4458 sitim
1263 4413 1331 4460 erat.
