3092 4850
363 257 605 352 ursroamuuu
625 299 851 360 amnuerunt.
880 302 949 348 urs.
970 303 993 350 1.
1021 303 1075 350 aa.
1091 297 1205 351 atr—to.
1306 291 1368 352 255

201 457 286 535 peior
313 466 402 536 atque
430 457 625 519 intestabilior
653 467 730 518 metu
759 467 861 518 rostro
889 457 995 534 luerit,
1024 476 1082 537 quo
1106 458 1200 538 captis
1227 456 1369 518 libertatis

201 585 299 627 curam
326 569 441 630 miseria
467 569 606 647 eximat),
637 579 684 630 aut
716 571 740 629 si
774 567 977 649 provideritis,
1009 568 1038 628 in
1072 566 1196 629 vitandis
1226 567 1367 647 periculis

168 679 293 756 tmagis
317 698 402 758 quam
424 678 593 740 ulciscendo
616 682 779 740 teneamini.
825 678 974 740 Satellites
998 678 1112 756 quidem
1135 681 1214 756 eius,
1239 677 1370 740 homines

201 791 324 849 maxumi
350 791 487 868 nominis,
516 791 640 868 optumis
671 792 808 850 maiorum
835 789 993 871 exemplis,
1020 805 1138 866 nequeo
1167 790 1236 850 satis
1263 791 1370 868 mirari,

201 900 249 976 qui
272 897 474 960 dominationis
500 902 527 960 in
551 918 605 960 vos
631 901 780 960 seruitium
802 920 884 961 suum
911 899 1076 962 mercedem
1101 898 1184 976 dant,
1213 909 1241 960 et
1264 908 1368 960 utrum·

167 1019 257 1086 3que
277 1027 330 1090 par
352 1011 480 1072 iniuriam
501 1010 622 1086 malunt,
646 1029 731 1089 quam
754 1021 872 1091 optumo
894 1013 956 1071 iure
976 1010 1060 1070 liberi
1081 1029 1191 1087 agere,
1216 1009 1378 1088 praeclara¹

199 1117 352 1181 Brutorum
370 1131 456 1200 atque
476 1121 664 1184 Aemiliorum
679 1132 708 1182 et
725 1122 900 1182 Lutatiorum
918 1121 1036 1201 proles,
1055 1121 1145 1197 geniti
1167 1118 1203 1178 ad
1221 1138 1271 1196 ea,
1293 1137 1368 1198 quae

166 1230 325 1289 tmaiores
347 1233 451 1292 virtute
475 1250 638 1310 peperere,
662 1232 873 1299 subvortuuda!
917 1231 990 1291 Nam
1013 1231 1080 1310 quid
1108 1250 1123 1291 a
1146 1230 1273 1308 Pyrrho,
1293 1231 1368 1290 llan-

200 1337 313 1416 ulbale,
338 1340 533 1421 Philippoque
562 1353 591 1404 et
613 1342 762 1403 Antiocho
793 1341 944 1402 deieusum
970 1351 1015 1401 cst
1040 1340 1117 1401 aliud
1141 1359 1225 1420 quam
1247 1341 1368 1402 libertas

167 1453 183 1502 5
202 1456 232 1506 et
254 1467 323 1509 suae
347 1454 451 1530 cuique
467 1453 571 1532 sedes,
592 1472 647 1514 neu
671 1454 718 1514 cui
740 1454 793 1513 nisi
808 1452 924 1530 legibus
946 1451 1138 1530 pareremus?
1173 1470 1247 1530 quae
1264 1461 1368 1512 cuncta

200 1573 325 1619 scaevas
348 1562 403 1622 iste
422 1563 578 1643 Romulus,
598 1565 680 1643 quasi
696 1561 733 1623 ab
753 1564 882 1624 externis
901 1571 1001 1642 rapta,
1023 1571 1119 1640 tenet,
1141 1581 1200 1622 uon
1223 1571 1265 1622 tot
1284 1582 1367 1622 exer·

200 1667 305 1729 cituum
330 1670 428 1750 clade,
452 1692 547 1753 neque
571 1675 722 1735 consulum
751 1672 923 1734 stallorum
952 1672 1130 1752 principum,
1156 1690 1230 1752 qnos
1252 1674 1368 1735 lortuua

199 1775 269 1838 belli
300 1793 536 1864 consumpserat,
570 1786 707 1862 satiatus,
736 1782 788 1843 sed
816 1791 874 1842 tum
903 1781 1067 1858 crudelior,
1097 1801 1182 1861 quum
1207 1783 1367 1863 plerosque

165 1889 344 1952 ttsecuudae
371 1913 420 1954 res
448 1896 476 1956 in
504 1896 720 1955 miserationem
746 1893 847 1954 exire
871 1900 996 1952 vortunt.
1042 1892 1117 1966 Quin
1139 1893 1221 1955 solus
1243 1896 1367 1954 omnium

199 2073 234 2124 cf.
253 2076 327 2127 Hist.
351 2079 399 2132 Fr.
423 2081 481 2145 Ill,
504 2080 555 2146 81,
580 2082 605 2133 8.
636 2081 695 2131 Oet.
716 2079 759 2143 31,
803 2076 942 2140 consules,
969 2079 1014 2142 qni
1033 2078 1124 2130 Sullae
1148 2081 1290 2131 voluntate
1314 2081 1368 2132 iam

198 2153 224 2206 9.
244 2153 292 2216 51,
309 2156 352 2208 40.
772 2170 775 2175 ·
803 2161 860 2205 tum
876 2154 940 2204 huic
959 2159 1064 2206 muneri
1081 2158 1211 2208 destinati
1225 2159 1311 2208 luisse
1328 2161 1367 2208 vi·

231 2235 383 2292 praesertim
416 2232 497 2300 quum]
534 2233 586 2284 His
618 2233 761 2300 particulis
803 2236 909 2286 dentur.
947 2235 1105 2285 Lutatiorum
1133 2235 1223 2300 proles
1259 2242 1301 2287 est
1332 2238 1365 2300 Q.

197 2309 308 2373 gravior
342 2313 477 2376 quaedam
512 2312 617 2361 timoris
652 2328 760 2375 caussa,
803 2309 899 2360 Lutat.
918 2309 1046 2376 Catulus,
1065 2313 1164 2379 Lepidi
1181 2312 1294 2378 eollega.

198 2403 284 2452 eaque
305 2403 359 2438 non
383 2391 411 2439 iu
436 2389 529 2455 plebe,
559 2389 607 2440 sed
632 2389 660 2439 in
685 2390 762 2441 Sulla
839 2386 864 2448 ἓ.
883 2392 908 2440 4.
933 2405 950 2438 α
969 2389 1072 2455 Pyrrho
1096 2389 1161 2457 ete]
1186 2392 1205 2442 i.
1229 2409 1252 2442 e.
1278 2403 1367 2444 contra

197 2467 303 2530 posita,
320 2469 496 2532 praecedeuti
515 2468 681 2535 adiungitur.
803 2466 951 2532 Pyrrhum
969 2473 1000 2518 ut
1018 2471 1089 2519 enim
1110 2469 1209 2520 dicitur
1227 2471 1367 2534 defendere

234 2553 400 2603 intestabilior
417 2562 480 2604 metu
499 2553 592 2620 cosmo]
616 2556 633 2604 i.
655 2571 678 2605 e.
704 2568 760 2603 ma·
802 2545 899 2610 aliquid
915 2546 947 2594 ab
967 2550 1108 2613 aliquare,
1127 2547 1145 2603 t
1164 2563 1188 2598 θ·
1208 2549 1367 2612 defendendo

197 2629 239 2692 gis
267 2631 349 2680 etiam
375 2631 571 2681 abominandus
601 2647 681 2698 quam
709 2648 759 2682 vos
802 2623 1221 2686 aliquidureerevelliberareab
1234 2627 1367 2692 aliquare,

198 2708 333 2768 metum„
353 2708 389 2757 cf,
406 2708 465 2774 lug,
484 2709 531 2771 67,
551 2709 576 2758 3,
801 2698 841 2746 ita
849 2697 991 2762 inpassivo
1000 2703 1094 2753 eadem
1103 2708 1240 2753 structura
1250 2703 1366 2754 obtinet.

231 2789 324 2856 papum]
352 2791 371 2841 i,
396 2808 418 2844 θ,
441 2793 520 2844 vobis
546 2794 696 2858 oppressig3
720 2793 757 2846 cf,
837 2800 885 2834 nen
900 2791 942 2838 cui
957 2819 992 2827 -
1008 2787 1167 2854 pareremus]
1188 2789 1264 2837 Haec
1283 2805 1366 2839 enun-

198 2872 224 2930 ἕ,
243 2869 285 2918 20,
312 2868 372 2932 lug,
392 2869 441 2932 85,
460 2870 486 2920 6,
587 2900 590 2906 .
803 2861 882 2911 tiatio
900 2865 955 2912 vim
973 2865 1056 2914 habet
1068 2865 1184 2924 subiecti,
1205 2865 1277 2930 quod
1289 2882 1367 2931 prap-

231 2946 373 2996 ulciaeeudo
407 2940 548 3007 terreamini]
588 2946 761 3008 Praepositio
804 2939 911 2989 cedenti
929 2935 1032 2993 libertas
1051 2944 1223 3008 respondeat.

198 3038 258 3072 cum
282 3023 391 3070 vitandis
414 3021 560 3072 coniuncta
583 3023 619 3072 ad
647 3024 761 3074 alterum
838 3019 862 3080 ἐ.
888 3021 913 3071 5.
939 3014 1055 3087 senecae]
1080 3024 1098 3071 i.
1126 3039 1149 3075 e.
1171 3039 1315 3088 perversus
1339 3030 1365 3075 et

198 3101 310 3151 verbum
330 3100 432 3150 omissa
449 3105 504 3161 est,
528 3101 591 3165 quia
615 3104 696 3151 teneri
714 3105 762 3154 att·
802 3112 912 3159 prorsus
934 3103 1087 3151 contrarius.
1122 3103 1192 3152 Nam
1216 3107 1250 3152 ut·
1268 3104 1366 3153 Romu·

195 3195 246 3244 qua
269 3195 300 3228 re
323 3193 406 3228 sensu
422 3180 464 3229 ita
482 3178 572 3229 differt
598 3196 615 3229 a
633 3183 716 3230 teneri
736 3185 761 3231 in
803 3171 846 3223 lus
860 3177 975 3226 conditor
989 3177 1365 3245 fuitcivitatiqitartutlam,

197 3272 241 3314 re,
260 3255 376 3306 utillud
400 3257 436 3307 sit
455 3266 550 3308 totum
568 3261 654 3324 aliqua
673 3275 702 3308 re
720 3274 757 3309 00.
804 3253 851 3316 qui
860 3254 1052 3318 rempublicam
1064 3257 1217 3309 restituisse
1227 3273 1256 3308 se
1265 3264 1292 3309 et
1301 3275 1365 3324 qua-

192 3342 310 3397 cuparum
333 3351 402 3397 περ,
432 3335 484 3386 hoc
505 3338 573 3386 intra
596 3338 701 3387 alieuius
723 3341 763 3388 m·
803 3329 828 3377 si
841 3329 929 3381 denuo
943 3333 1097 3384 condidisse
1113 3335 1291 3400 gloriabatur,
1308 3339 1365 3390 eius

192 3415 259 3474 fines
286 3417 401 3473 versari,
425 3431 496 3480 quae
518 3416 576 3478 vis,
601 3420 697 3480 utpote
724 3417 761 3468 le.
803 3423 942 3459 coercerent
960 3410 1046 3462 fuisse
1063 3413 1183 3478 Lepidus
1202 3416 1346 3480 significat.

196 3493 270 3556 vior,
289 3494 352 3545 huic
371 3492 431 3544 loco
450 3495 539 3544 minus
557 3495 695 3546 convenit.
839 3498 912 3561 quani
933 3497 965 3548 ab
990 3500 1104 3550 emternis
1122 3498 1211 3565 rapta]
1237 3503 1288 3552 His
1306 3521 1365 3555 vcr-

229 3577 761 3645 §.2.Sateliitee]Itainvidiosedicnntur
802 3574 845 3626 bit
860 3576 963 3640 parlier
980 3582 1012 3626 ul
1028 3582 1053 3640 ξ,
1069 3578 1110 3628 17.
1124 3583 1151 3628 et
1164 3595 1246 3643 supra
1259 3582 1305 3633 Fr.
1319 3587 1362 3634 42.

196 3656 316 3719 nobiles,
335 3657 427 3707 Sullas
439 3662 604 3719 sectatorem
627 3661 662 3712 cf,
677 3661 702 3722 ᾗ,
715 3664 759 3714 21,
802 3654 948 3716 respicitur
967 3655 1002 3703 ad
1020 3655 1111 3705 Sullae
1132 3657 1209 3705 ferox
1228 3662 1255 3706 et
1277 3659 1363 3710 lamo-

231 3736 403 3785 dominationis
423 3735 591 3802 incoacto]
616 3739 635 3789 i.
654 3754 677 3790 e.
703 3740 758 3805 qui,
802 3746 860 3780 tum
884 3730 999 3794 dicium,
1024 3746 1094 3795 quae
1119 3734 1148 3781 Vi
1171 3738 1199 3782 ei
1223 3737 1304 3786 armis
1324 3741 1364 3788 iu-

195 3817 227 3860 ut
244 3811 272 3861 in
293 3827 343 3861 vos
363 3811 496 3861 dominari
513 3809 633 3879 possint,
659 3817 713 3880 ipsi
729 3832 758 3866 se
802 3811 925 3870 vaserat,
942 3810 1067 3869 praedam
1084 3825 1154 3860 suam
1169 3814 1308 3875 vocantis;
1326 3818 1363 3866 ei.

149 3947 155 3959 ι
196 3887 288 3939 Sullae
304 3905 398 3939 servos
416 3889 558 3944 addicunt,
801 3884 939 3936 Plutarch.
959 3900 1077 3950 compar.
1096 3887 1232 3951 Lysandri
1248 3907 1273 3942 c.
1287 3891 1372 3942 Sulla¹

230 3964 371 4032 utramque]
392 3981 431 4016 sc.
453 3967 587 4018 dominari
601 3969 630 4018 in
648 3984 706 4031 vos,
726 3984 759 4018 ac
801 3981 824 4014 c.
844 3964 869 4014 3.
890 3963 947 4014 Cic.
966 3964 994 4012 in
1011 3964 1088 4014 Verr.
1107 3966 1165 4026 111,
1187 3966 1235 4030 35,
1254 3968 1297 4020 81.

196 4044 277 4095 simul
294 4045 347 4110 ipsi
366 4045 477 4095 servire.
835 4049 1032 4117 consumpserat]
1059 4068 1097 4104 sc.
1117 4058 1188 4120 tum,
1208 4073 1290 4122 quum
1308 4057 1364 4110 bel·

228 4129 253 4190 §-
273 4130 299 4181 3.
314 4134 455 4194 praeclara
467 4132 603 4181 Brutorum
613 4161 646 4170 -
658 4131 755 4198 proles]
800 4128 854 4181 lum
872 4130 961 4179 desiit.

194 4207 331 4273 iutelligit
353 4210 474 4275 Lepidus
500 4213 534 4262 D.
558 4211 618 4261 Iun.
644 4212 758 4261 Brutum
835 4217 884 4258 tum
901 4205 1039 4273 crudelior]
1059 4223 1097 4260 sc.
1114 4211 1231 4262 victoria
1247 4211 1360 4277 adeptn3

194 4287 243 4349 (rte
271 4303 324 4352 quo
347 4305 373 4341 v,
400 4290 460 4340 cat.
486 4287 647 4353 25‚1,40‚
672 4290 711 4354 5.)
731 4297 758 4340 et
800 4283 836 4336 et.
855 4285 900 4333 Fr.
920 4285 946 4346 Ι,
971 4284 1013 4335 37.
1042 4286 1111 4340 Vell.
1132 4289 1175 4351 11,
1200 4289 1297 4353 25,.3.
1321 4293 1362 4355 11,

195 4357 324 4411 Mamerc.
348 4359 506 4423 Aemilium,
530 4359 668 4424 sequentia
691 4363 758 4412 anni
801 4362 843 4426 28,
858 4363 883 4414 2.
908 4362 1047 4414 Plutarch.
1064 4364 1092 4414 in
1108 4365 1183 4416 Sulla
1201 4383 1225 4420 c.
1243 4367 1278 4419 30
1292 4377 1361 4423 extr.
