3070 4852
514 287 706 338 moneres.
737 289 768 338 c.
792 290 912 340 xcvrn.
936 291 1031 341 xcux.
1294 285 1357 348 229

187 452 268 521 erut,
291 462 376 525 quum
398 453 494 505 temen
517 443 633 506 berberi
654 445 723 507 nihil
746 448 908 526 remittere,
933 457 1036 529 etque,
1059 450 1099 510 uti
1122 467 1212 528 reges
1234 469 1355 532 praece·
1438 489 1442 496 ·

157 559 306 636 sperent,
336 562 452 616 noctem
475 574 529 635 pro
555 575 587 616 se
610 559 678 635 reti,
708 559 804 620 scrius
825 559 942 620 instare.
988 557 1058 619 'lum
1080 559 1187 622 hierius
1209 579 1247 621 ex
1269 563 1356 642 copis

186 682 282 724 rerum
306 664 457 725 consilium
479 665 579 744 trehit,
602 676 703 748 etque,
738 669 776 729 uti
799 669 859 729 suis
881 671 1014 748 receptui
1036 670 1121 730 locus
1143 680 1239 748 esset,
1271 669 1356 731 collis

186 774 260 835 duos
282 775 468 856 propinquos
497 777 571 836 inter
595 797 627 838 se
654 787 796 857 occupet,
829 796 950 859 quorum
978 780 1006 838 in
1028 799 1099 858 uuo,
1129 783 1233 842 cestris
1255 797 1354 858 perum

185 885 300 964 amplo,
321 881 389 945 idns
411 889 504 965 eques
523 903 645 964 mugnus
666 896 745 964 erut,
767 887 841 948 ulter
864 889 926 949 usui
947 899 1143 968 opportunus,
1166 891 1232 969 quia
1250 891 1354 967 magne

158 1004 270 1076 sparte
302 995 396 1056 editus
431 1005 459 1056 et
494 1014 640 1076 praeceps
669 1016 760 1077 peuce
793 999 964 1058 munimenta
998 999 1167 1078 quaerebat.
1218 997 1353 1058 Ceterum

185 1105 262 1186 upud
284 1124 388 1186 uquam
410 1104 518 1167 Sullem
542 1125 605 1168 cum
632 1107 777 1187 equitibus
798 1117 914 1168 noctem
934 1109 1046 1185 agitare
1070 1107 1166 1178 iubct;
1196 1109 1260 1187 ipse
1284 1123 1353 1187 peu·

185 1215 264 1276 lutirn
285 1216 438 1297 dispersos
460 1215 580 1294 milites,
610 1234 707 1295 neque
731 1217 824 1277 minus
845 1215 976 1278 hostibus
998 1217 1191 1296 conturbetis,
1221 1219 1353 1276 inunum

156 1324 342 1402 tcontrshit,
366 1325 432 1387 dein
455 1335 577 1388 cunctos
599 1327 688 1406 pleno
710 1325 801 1404 gradu
824 1327 852 1386 in
876 1327 982 1387 collem
1001 1325 1144 1386 subducit.
1188 1325 1229 1386 lte
1252 1344 1353 1403 reges,
1445 1377 1449 1384 .

186 1436 245 1496 looi
263 1415 569 1514 diihcultute'coucti,
598 1435 713 1515 proelio
738 1436 935 1506 deterrentur;
966 1453 1062 1514 neque
1084 1444 1178 1498 temen
1200 1452 1270 1497 suos
1291 1435 1353 1496 lon·

185 1546 251 1623 gius
273 1544 354 1606 ubire
374 1546 484 1624 sinunt,
509 1546 577 1624 sed,
606 1556 730 1626 utroque
754 1546 831 1607 colle
854 1545 1031 1606 multitudine
1054 1547 1246 1624 circumdato,
1270 1546 1353 1606 effusi

157 1654 362 1722 oconsedere.
405 1655 480 1715 Dein
509 1655 621 1717 crebris
643 1657 758 1734 ignibus
783 1655 884 1732 luctis,
915 1655 1086 1735 plerumque
1116 1657 1211 1716 noctis
1237 1654 1353 1716 barbari

187 1782 240 1824 suo
263 1781 344 1825 more
368 1764 486 1843 laeteri,
514 1766 678 1843 exsultare,
707 1774 841 1843 strepere
865 1764 1003 1841 vocibus,
1029 1765 1135 1844 stipsi
1164 1765 1254 1825 duces
1275 1765 1352 1824 iero·

158 1888 254 1952 roes,
280 1876 346 1955 quia
368 1893 426 1936 nou
448 1876 599 1953 lugerent,
623 1891 677 1953 pro
698 1873 859 1934 victoribus
882 1892 982 1952 agere.
1027 1874 1085 1950 Sed
1108 1891 1142 1934 ea
1168 1883 1271 1934 cuncta
1293 1875 1352 1934 Ro·

185 1986 275 2046 munis
300 2003 337 2046 en
358 1985 488 2046 tenebris
517 1993 546 2043 et
570 1961 740 2044 editioribus
766 1983 842 2043 loeis
861 1981 958 2044 lucilia
982 1984 1044 2043 visu
1070 2001 1236 2062 magnoque
1256 1984 1352 2048 hortus

184 2103 281 2156 mento
304 2103 413 2156 erant·

269 2204 372 2268 XCIX.
418 2203 580 2264 Plurumum
608 2217 680 2261 vero
707 2199 815 2263 hierius
844 2201 986 2282 imperitis
1014 2202 1352 2266 hostiumconiirmetus

186 2337 269 2399 quum
292 2334 451 2378 maxumum
481 2313 624 2372 silentium
647 2310 747 2373 heberi
774 2311 867 2384 iubet;
895 2331 931 2373 ne
961 2314 1042 2390 signe
1069 2313 1201 2394 quidem,
1230 2317 1272 2376 uti
1298 2333 1353 2396 per

184 2429 299 2506 vigilias
328 2425 479 2500 solebant,
514 2441 631 2483 canere.
679 2423 810 2500 Deinde,
842 2422 890 2484 ubi
919 2424 968 2484 lun
1002 2423 1192 2503 adventabat,
1228 2425 1353 2498 delessis,

185 2540 239 2598 inm
267 2536 398 2596 hostibus
427 2542 456 2593 et
485 2532 573 2612 puolo
602 2542 668 2594 unte
699 2551 800 2594 somno
832 2535 940 2613 captis,
979 2534 1015 2594 de
1045 2537 1206 2617 improviso
1234 2536 1351 2615 vigiles,

185 2650 252 2708 item
275 2645 453 2720 cohortium,
482 2650 651 2721 turmarum,
682 2643 830 2721 legionum
855 2621 1002 2704 ‘tubicines
1036 2646 1118 2705 simul
1147 2646 1241 2706 omnis
1269 2648 1351 2732 signe

159 2771 309 2832 scenere,
332 2753 438 2813 milites
460 2752 617 2812 clamorem
640 2751 746 2813 tollere
769 2760 856 2831 etque
879 2755 1157 2834 portis‚erumpere.
1200 2754 1292 2814 Mauri
1311 2762 1352 2843 et·

184 2945 246 2992 dum
269 2938 408 3004 significet
432 2939 551 3000 repetit
572 2953 604 2986 ac
628 2940 746 2988 celeriter
787 2937 862 2988 dubia
885 2951 974 3000 parem
1000 2940 1129 2988 cietur-tam
1155 2945 1351 3001 esspecton-

181 3037 212 3070 ea
232 3022 260 3072 r't.
786 3023 843 3066 tes.
1248 3033 1251 3043 v

211 3035 368 3162 {maerebat}
394 3091 411 3139 i.
430 3106 452 3140 e.
471 3088 635 3154 requirebat,
653 3093 746 3153 postu·
819 3087 905 3155 pleno]
930 3089 948 3140 i.
970 3105 994 3141 e.
1013 3089 1128 3140 maxime
1147 3090 1243 3140 oitsto.

182 3175 272 3235 lebet3
298 3173 334 3224 ci.
355 3170 411 3222 Cic.
436 3169 464 3218 iu
482 3168 558 3218 Verr.
577 3168 638 3217 Aet.
658 3167 696 3220 ΙΙ.
721 3166 745 3230 Ι,
824 3171 848 3218 d.
869 3165 953 3232 effrem]
974 3167 993 3217 i.
1007 3181 1030 3218 e.
1044 3166 1113 3217 nulli
1131 3167 1219 3218 ordini
1231 3167 1348 3228 astricti,

184 3252 229 3315 10,
251 3249 294 3301 ts.
314 3248 384 3312 Nepo
402 3260 448 3309 epo
462 3247 591 3310 quicquam
611 3261 627 3294 a
641 3245 746 3296 testibus
788 3245 919 3311 dispersi3
934 3244 1040 3310 ci.1ug.
1059 3245 1101 3308 55,
1114 3247 1141 3297 4.
1152 3245 1196 3308 87,
1208 3248 1233 3296 4.
1252 3245 1310 3308 105,
1322 3243 1348 3294 3.

182 3332 283 3387 dictum,
306 3325 387 3392 quod
403 3323 546 3386 cuiusquam
564 3322 676 3371 oratoris
695 3325 746 3372 elo·
822 3323 920 3374 XCIX.
950 3323 975 3392 1,
1003 3338 1053 3386 per
1080 3321 1189 3390 cipitiac]
1229 3321 1349 3374 Genesee

182 3407 307 3473 ocentiam
325 3405 507 3468 quaereret.
528 3397 588 3450 Liv.
601 3397 649 3460 IV,
667 3399 705 3460 ld,
718 3399 744 3448 2.
788 3401 863 3452 notio
882 3401 909 3452 h.
922 3400 940 3452 l.
958 3401 996 3450 ite
1015 3400 1131 3451 contuse
1149 3405 1191 3451 est
1205 3417 1264 3452 curu
1282 3405 1348 3451 tem-

217 3485 243 3534 11.
262 3495 341 3546 neque
359 3505 395 3515 -
412 3473 575 3541 conturbatis]
599 3475 749 3541 Negligen·
788 3478 863 3542 poris
881 3479 1001 3539 notione,
1020 3482 1051 3528 ut
1064 3491 1115 3541 per
1127 3479 1236 3544 elpidius,
1256 3478 1280 3528 si
1291 3493 1348 3528 rem

182 3561 251 3611 tiore
274 3556 481 3609 oratione'usus
504 3553 648 3604 Sallustius
673 3552 746 3602 eble-
788 3560 911 3620 spectcs,
933 3555 1004 3605 idem
1033 3555 1069 3605 sit
1094 3560 1176 3620 etque
1200 3557 1226 3605 in
1248 3555 1352 3620 cipittisr

183 3640 256 3690 tivos
278 3631 419 3686 absolutos
438 3648 499 3683 cum
519 3633 665 3699 participio
683 3647 746 3683 con·
787 3646 850 3682 nem
874 3647 956 3696 quum
980 3636 1109 3696 quattuor
1126 3630 1239 3697 vigiliae
1261 3629 1349 3681 noctis

180 3716 285 3777 iunxit,
310 3712 388 3779 quusi
405 3711 600 3776 praecessisset
621 3711 747 3775 dispersis
788 3709 866 3774 signo
889 3708 1005 3768 buccine
1029 3707 1093 3758 deto
1117 3711 1277 3758 notarentur
1298 3707 1348 3771 (oi.

181 3793 314 3848 hiltfridum
346 3789 397 3840 hoo
425 3789 495 3838 enim
522 3788 608 3839 voluit
641 3787 744 3838 dicere:
786 3786 882 3849 Veget.
907 3785 964 3847 ΙΙΙ,
989 3784 1015 3836 8.
1045 3784 1107 3833 Liv.
1130 3784 1200 3846 VII,
1217 3784 1275 3845 35,
1300 3781 1349 3844 1.),

183 3886 264 3937 quum
283 3866 399 3932 dispersi
416 3866 516 3916 milites
536 3869 641 3928 essent,
658 3879 744 3930 neque
787 3864 908 3928 signum,
932 3861 1005 3926 quod
1022 3859 1176 3926 vigiliarum
1193 3874 1286 3910 caussa
1302 3858 1348 3907 de-

182 3949 269 3998 minus
290 3946 384 3996 hostes
402 3942 572 4005 conturbati,
599 3958 663 3994 suos
683 3957 745 3992 con·
785 3942 879 4002 betur,
899 3939 981 3990 etiem
998 3942 1023 3989 r‘n
1039 3939 1102 4001 ipris
1117 3939 1206 4003 cipilir'e
1223 3934 1347 3990 cenebut.

182 4025 275 4075 trehit.
299 4019 437 4081 Similiter,
455 4033 617 4084 quemquem
634 4018 742 4068 inverso
819 4034 850 4069 ne
867 4019 941 4084 riprm
959 4019 1101 4082 quidem-
1115 4015 1218 4082 currere]
1242 4016 1349 4065 Intran-

181 4103 290 4162 ordine,
309 4099 370 4149 Liv.
389 4096 474 4158 XXV,
494 4095 541 4158 35,
560 4096 586 4145 2.
603 4095 676 4144 Inter
695 4109 742 4145 ιω·
784 4098 865 4148 sitive
890 4094 1007 4160 positum
1035 4092 1146 4143 verbum
1170 4093 1348 4160 (Germanice

182 4180 275 4230 orcitus
295 4177 420 4240 ducesque
441 4200 476 4210 -
496 4174 636 4237 protelatio
657 4174 744 4236 inpens
784 4170 915 4236 ertdnen);
935 4187 960 4220 v.
976 4169 1012 4220 cd
1033 4169 1094 4220 Cet.
1114 4172 1161 4233 59,
1182 4172 1206 4222 l.
1235 4167 1349 4222 Infiniti-

179 4257 268 4320 Γαῖα,
294 4256 490 4317 imperatore
516 4257 587 4300 tanto
610 4264 662 4299 cum
681 4252 746 4300 cmm·
784 4265 835 4300 vus
854 4254 897 4300 est
914 4248 1069 4312 historicus.

181 4332 297 4381 exercitu
313 4332 433 4392 deleto,
451 4335 481 4379 ct
497 4330 603 4378 atteram
618 4327 750 4390 prodromi,
820 4323 962 4392 cohortium]
981 4341 1007 4377 v.
1027 4322 1062 4374 ed
1081 4326 1142 4391 lug.
1161 4321 1205 4387 46,
1221 4324 1247 4372 7.
