3070 4852
495 235 688 284 rueunrrrs.
719 235 1103 286 c.nxx.1.xx1.nxx11.
1217 274 1221 284 .
1322 227 1381 289 199

295 392 396 453 uxxt.
441 393 500 453 Sed
523 409 610 470 quum
631 392 686 453 luae
711 390 825 451 litterae
848 391 973 468 allatae,
1002 392 1079 454 lorte
1100 391 1264 472 Nabdalsa,
1294 413 1379 455 exer·

182 501 270 561 tcito
299 519 437 581 corpore,
456 505 569 580 lessus,
601 504 629 561 in
660 502 738 562 lecto
768 499 958 580 quiescebat,
986 501 1034 561 ubi
1063 503 1188 580 cognitis
1210 502 1380 564 Bomilcaris

210 609 310 672 verbis
332 613 425 691 primo
449 631 534 691 cura,
556 611 674 689 deinde,
696 619 726 672 ut
748 627 868 687 aegrum
890 609 1012 670 animum
1035 611 1125 690 solet,
1148 631 1266 673 somnus
1289 617 1377 694 cepit.

182 719 280 781 3Erat
309 723 336 780 ci
358 721 480 783 Numida
509 721 623 801 quidam
651 722 835 799 negotiorum
866 728 996 798 curator,
1026 719 1099 780 lidus
1126 730 1327 802 acceptusque
1347 735 1379 786 et
1419 743 1424 753 ·

183 831 335 891 somnium
359 832 567 909 consiliorum,
596 833 651 896 uisi
672 830 847 906 novissumi,
877 831 1035 909 particeps.
1081 829 1136 904 Qui
1159 841 1314 911 postquam
1336 834 1376 894 al·

207 940 279 1000 latas
301 940 414 1002 litteras
434 943 558 1020 audivit,
588 961 626 1002 ex
648 939 858 1002 consuetudine
886 947 966 998 ratus
989 955 1081 1016 opera
1106 947 1154 998 aut
1177 940 1295 1017 ingenio
1323 961 1376 1004 suo

207 1068 281 1130 opus
300 1069 386 1128 esse,
409 1053 437 1110 in
455 1051 673 1112 tabernaculum
695 1048 818 1124 introiit,
840 1048 1001 1108 dormiente
1020 1046 1071 1106 illo
1091 1048 1263 1127 epistolam,
1287 1070 1377 1130 super

207 1169 294 1239 capnt
316 1162 343 1220 in
366 1162 485 1240 pulvino
509 1170 620 1220 temere
643 1159 783 1238 positam,
812 1157 896 1216 sumit
918 1175 954 1216 ac
977 1155 1121 1235 perlegit,
1145 1145 1211 1218 dein
1234 1178 1375 1240 propere,

178 1271 332 1347 scognitis
356 1269 481 1343 insidiis,
506 1267 541 1327 ad
565 1286 667 1345 regern
694 1267 822 1345 pergis<
845 1264 1009 1342 Nabdalsa,
1034 1274 1103 1344 post
1124 1267 1211 1346 paulo
1235 1287 1374 1349 experre-

207 1389 288 1454 ctus,
319 1377 367 1438 uhi
388 1395 485 1454 neque
512 1376 666 1455 epistolam
691 1376 824 1455 repperit
849 1384 878 1434 et
904 1393 965 1434 rern
996 1393 1126 1454 ornnem,
1158 1385 1188 1436 ut
1214 1389 1280 1440 acta
1303 1391 1375 1461 erat,
1473 1419 1477 1428 ·

206 1488 361 1564 cognovit,
385 1485 479 1566 primo
499 1486 622 1547 indicem
643 1487 781 1566 persequi
803 1493 941 1560 conatus,
964 1494 1117 1564 postquam
1140 1485 1167 1546 id
1189 1488 1295 1550 trustra
1314 1492 1375 1571 luit,

204 1596 370 1673 Iugurtham
394 1594 527 1674 placandi
553 1597 647 1674 gratia
669 1595 799 1666 accedit;
832 1595 918 1672 dicit,
947 1613 1027 1673 quae.
1049 1594 1113 1674 ipse
1143 1600 1306 1675 paravisset
1332 1602 1373 1662 la·

205 1723 289 1782 cere,
323 1707 443 1785 pertidia
466 1706 581 1766 clientis
604 1706 646 1766 sui
666 1716 839 1784 praeventa
863 1681 1026 1766 lacrumans
1045 1704 1206 1765 obtestatur
1229 1727 1283 1787 per
1304 1712 1371 1770 ami-

204 1817 297 1876 citiam
319 1834 433 1896 perque
456 1835 507 1876 sua
529 1825 613 1878 antea
638 1815 763 1877 fideliter
781 1824 865 1895 acta,
889 1834 925 1875 ne
948 1833 1037 1894 super
1059 1815 1108 1874 tali
1131 1795 1247 1876 scelere
1269 1837 1372 1899 suspe-

204 1935 280 1988 ctum
302 1944 369 1985 sese
389 1924 522 1985 haberet.

289 2034 403 2097 LXXll.
447 2033 494 2094 nd
520 2051 555 2094 ea
578 2052 649 2112 rex,
680 2035 764 2124 aliter
792 2043 879 2112 atque
902 2033 996 2094 animo
1020 2033 1160 2111 gerebat,
1191 2035 1305 2114 placide
1327 2055 1373 2096 re·

205 2143 333 2224 spondit.
378 2144 543 2205 Bomilcare
566 2145 691 2224 aliisque
715 2145 828 2221 multis,
851 2161 927 2222 qnos
950 2145 1049 2204 socios
1071 2143 1235 2204 insidiarum
1261 2163 1372 2224 cogno·

203 2264 300 2332 verat,
330 2255 493 2315 interiectis
516 2255 586 2316 iram
608 2264 813 2335 oppresserat,
844 2273 880 2313 ne
905 2271 960 2332 qua
988 2272 1025 2313 ex
1054 2270 1091 2313 eo
1122 2257 1242 2332 negotio
1267 2257 1371 2316 seditio

177 2365 338 2424 conicetur.
382 2366 486 2446 Neque
508 2376 575 2448 post
595 2366 624 2426 id
645 2366 777 2427 locorum
795 2363 951 2442 iugurthae
971 2363 1033 2424 dies
1054 2371 1100 2422 aut
1118 2382 1177 2425 nox
1194 2365 1252 2426 ulla
1275 2367 1373 2445 quieta

204 2473 269 2544 luit;
294 2494 389 2555 neque
412 2477 499 2555 loco,
522 2495 617 2556 neque
640 2475 754 2536 mortali
777 2475 909 2553 cuiquam
931 2483 978 2534 ant
1000 2475 1124 2553 tempori
1147 2475 1216 2535 satis
1238 2476 1370 2553 credere,

206 2585 279 2644 civis
300 2585 453 2665 hostisque
475 2587 554 2648 iuxta
579 2596 725 2664 metuere,
758 2585 1004 2663 circumspectare
1032 2583 1126 2644 omnia
1150 2593 1178 2644 et
1201 2585 1276 2644 omni
1298 2596 1371 2646 stre·

205 2697 265 2774 pitu
290 2713 469 2774 pavescere,
500 2696 557 2756 alio
582 2706 668 2774 atque
692 2695 749 2755 alio
778 2695 864 2770 loco,
893 2711 983 2773 saepe
1008 2701 1109 2753 contra
1134 2691 1225 2754 decus
1246 2695 1369 2772 regium,

202 2881 290 2928 irratam
325 2879 382 2929 sive
410 2882 567 2931 constitutum
596 2889 704 2946 tempas.-
730 2881 766 2930 ci.
808 2879 853 2928 bot
868 2877 1085 2928 eliciendnm.—
1100 2879 1142 2927 Ex
1159 2881 1224 2940 cepit
1236 2877 1318 2929 verbo
1336 2877 1370 2928 ad

204 2957 263 3020 lug.
284 2957 331 3018 79,
351 2957 375 3005 7.
395 2955 439 3019 89,
463 2957 487 3008 3.
508 2956 552 3020 91,
571 2958 597 3009 3.
622 2958 671 3021 94,
692 2961 713 3011 Ι.
810 2971 911 3020 aegrum
934 2956 1038 3004 animum
1063 2953 1241 3018 supplendum
1266 2968 1372 3016 capere·

238 3029 396 3096 inpediebat]
416 3033 590 3097 imperfecto,
607 3035 678 3100 quod
691 3051 769 3100 prae·
809 3050 835 3082 r.
853 3031 890 3081 ad
907 3031 966 3094 Ing.
985 3029 1034 3092 49,
1052 3032 1077 3080 2.

203 3108 284 3158 terito
310 3109 498 3174 subiungitur,
527 3111 629 3163 durans
657 3111 767 3162 effectus
843 3112 869 3161 5.
888 3124 940 3158 rem
958 3105 1049 3157 curnem
1064 3134 1098 3143 -
1111 3104 1233 3170 cognouit]
1253 3120 1291 3156 sc.
1311 3121 1370 3170 per-

203 3203 236 3236 ex
260 3187 349 3250 priore
370 3187 480 3237 actione
504 3189 632 3252 prodiens
657 3193 684 3239 et
706 3205 767 3238 cum
808 3186 966 3239 cantatione
982 3183 1059 3235 facta
1077 3183 1204 3248 cognovit
1225 3183 1369 3234 Numidam

202 3281 235 3314 ea
259 3263 421 3315 coniunctus
439 3263 620 3329 significatum
646 3266 682 3316 οἱ.
706 3266 767 3316 Oai.
806 3263 897 3324 illum,
915 3263 977 3313 dum
993 3263 1051 3327 ipse
1068 3259 1232 3323 dormiebat,
1250 3261 1278 3312 in
1294 3264 1369 3312 cubi-

202 3343 249 3405 12,
276 3342 299 3391 l.
324 3340 460 3405 Postquam
479 3343 582 3394 divitiae
606 3345 696 3394 leonori
711 3361 767 3396 esse
808 3343 868 3393 culo
884 3342 983 3403 fuisse,
1002 3355 1034 3389 ac
1049 3335 1145 3388 deinde
1159 3352 1295 3402 egressum
1309 3356 1370 3407 pro-

199 3433 352 3484 coepere,
381 3425 406 3468 et
436 3434 480 3468 eus
503 3419 602 3484 pluria,
630 3423 765 3485 imperium,
808 3420 926 3485 iugisse3
957 3417 992 3466 ad
1020 3413 1179 3479 Iugurtham
1206 3416 1280 3467 illum
1307 3433 1368 3469 cum

196 3499 310 3561 potentia
327 3496 532 3560 sequebatur.
556 3498 604 3562 51,
623 3498 665 3550 37.
688 3499 766 3552 Oete·
808 3497 925 3563 epistola
944 3490 1134 3554 contendisse,
1153 3493 1211 3557 ipse
1229 3497 1355 3550 coniecit.

200 3591 260 3624 rum
279 3591 305 3624 v.
324 3572 360 3623 ad
377 3573 437 3638 Iug.
456 3575 502 3638 13,
522 3577 548 3626 5.
565 3604 599 3613 -
618 3578 705 3629 Metus
723 3581 765 3629 eat
843 3577 870 3626 5.
887 3569 975 3636 super]
998 3569 1096 3618 Barim
1115 3583 1196 3621 turea
1216 3577 1308 3626 aetate
1325 3592 1368 3626 su·

200 3650 366 3704 Nabdalsam
700 3659 702 3664 '
803 3668 853 3715 per
871 3650 970 3700 dicitnr
985 3659 1033 3710 pro
1052 3645 1094 3695 de.
1140 3681 1148 3698 .

235 3731 322 3778 timore
343 3727 407 3793 soci]
428 3729 449 3779 i.
469 3744 492 3780 e.
517 3730 630 3794 timore,
648 3747 701 3797 qno
723 3746 766 3781 so·
840 3735 952 3786 LXXII.
974 3732 998 3780 1.
1016 3733 1091 3780 aliter
1108 3737 1182 3794 atque
1196 3733 1277 3782 animo
1290 3749 1367 3800 pere·

200 3809 258 3859 cius
277 3810 375 3870 captus
395 3811 463 3857 erat.
489 3823 493 3830 ·
806 3810 861 3878 bas]
881 3812 957 3860 Haec
975 3807 1058 3856 verba
1083 3808 1162 3871 quasi
1185 3811 1366 3872 appositionis

233 3880 324 3947 suane]
350 3898 389 3933 sc.
407 3887 435 3934 et
458 3884 622 3934 Bomilcaris
647 3888 674 3934 at
690 3884 765 3934 Nsb⁴
805 3890 864 3941 loco
881 3885 918 3935 ad
931 3886 1034 3948 placide
1052 3899 1146 3935 vocem
1162 3885 1309 3948 pertinent.

200 3961 304 4012 dalsae.
839 3958 1013 4027 oppresserat]
1023 3961 1051 4012 .i.
1067 3977 1090 4012 e.
1104 3968 1308 4026 compescuerat
1321 3967 1365 4017 vel

235 4046 332 4095 LXXI.
349 4044 374 4094 1.
387 4058 503 4108 querm-
516 4043 622 4111 allatae]
638 4061 676 4095 sc.
690 4053 762 4106 sunt3
804 4041 987 4092 continuerat.
1022 4039 1064 4089 De
1081 4039 1263 4106 plusquampf.
1283 4058 1309 4093 v.
1328 4043 1363 4094 ad

198 4123 235 4173 ci.
256 4124 316 4188 Ing.
335 4124 384 4184 77,
405 4120 431 4172 3.
452 4121 515 4184 109,
534 4125 561 4174 2.
803 4120 927 4186 1ug.5t,
948 4117 974 4168 9.

232 4196 357 4264 exercito]
376 4199 395 4250 i.
416 4214 439 4250 e.
458 4199 597 4249 laboribus
614 4197 730 4246 intento.
839 4198 863 4246 2.
881 4202 940 4258 post
950 4197 979 4246 id
989 4192 1107 4258 locorum]
1121 4210 1148 4244 v.
1159 4194 1193 4244 ad
1206 4195 1266 4263 lug.
1283 4197 1326 4261 63,
1337 4198 1363 4249 6.

232 4275 259 4324 2.
276 4273 353 4341 cepit]
373 4291 412 4328 sc.
430 4291 496 4338 eum,
515 4274 588 4340 quod
604 4289 638 4324 ex
651 4275 761 4338 qac'esce·
838 4271 923 4340 iacta]
944 4289 972 4324 r.
990 4269 1026 4321 ad
1044 4269 1105 4323 cat.
1123 4271 1153 4336 2,
1171 4271 1199 4325 8.
