3024 4852
223 287 284 350 128
598 307 601 312 ¹
627 293 658 344 o.
682 294 852 374 snpuusrr
875 293 989 344 cursor

223 454 353 534 egregiis
377 453 445 514 viris
467 453 495 512 in
518 461 639 532 pectore
660 471 818 529 crescere,
838 469 933 530 neque
956 451 1038 531 prius
1060 452 1174 530 sederi,
1196 471 1282 532 quarn
1305 455 1408 514 virtus

222 583 323 626 eorum
357 566 461 627 lamam
491 573 577 642 atque
613 563 738 641 gloriam
771 563 989 643 adaequaverit.
1039 563 1079 623 At
1114 573 1215 625 contra
1249 565 1317 642 quis
1354 573 1432 624 estu

223 679 348 738 omniunt
372 675 417 735 his
439 673 585 751 moribus,
615 676 683 753 quin
706 675 812 734 divitiis
834 683 863 734 et
885 673 1066 753 sumptibus,
1094 693 1153 736 non
1174 673 1324 754 probitate
1352 695 1408 736 ne·
1483 729 1484 734 ,

223 805 280 866 que
309 785 448 847 industria
472 805 535 846 curn
563 783 720 844 maioribus
749 785 810 844 suis
838 782 1014 845 contendat?
1041 761 1127 845 etiarn
1153 784 1287 846 homiues
1317 787 1407 862 novi,

223 899 272 976 qui
294 907 384 984 antea
401 916 455 977 per
475 897 608 956 virtutem
631 895 709 955 soliti
735 904 817 955 crant
839 894 1019 956 nobilitatem
1041 895 1226 972 antevenire,
1251 895 1354 956 furtim
1376 907 1408 958 et

223 1028 278 1089 per
299 1009 452 1071 latrocinia
475 1011 572 1088 potius
596 1025 681 1086 quam
703 1006 790 1086 bonis
817 1004 927 1066 artibus
950 1004 985 1066 ad
1007 1006 1127 1085 imperia
1151 1015 1180 1066 et
1201 1005 1334 1066 honores
1360 1010 1406 1066 ni-

222 1127 334 1198 tuntur,
358 1119 482 1200 proinde
504 1119 586 1198 quasi
606 1124 743 1197 praetura
761 1126 791 1177 et
811 1116 979 1179 consulatus
1000 1125 1087 1195 atque
1107 1114 1164 1175 alia
1183 1117 1278 1176 ornnia
1299 1117 1435 1178 buius-8

225 1231 339 1294 cenrodi
360 1249 414 1311 per
436 1249 469 1290 se
492 1232 556 1310 ipsa
578 1230 657 1291 clara
678 1236 708 1286 et
724 1228 878 1304 magnifiee
901 1227 972 1304 sint,
993 1244 1030 1286 ac
1050 1225 1250 1314 nonperinde
1267 1225 1407 1287 babean-

224 1341 557 1422 tur,uteorunr,1qui
587 1357 622 1400 ca
652 1338 809 1415 sustinent,
840 1337 930 1397 virtus
959 1346 1013 1396 est.
1058 1337 1167 1397 Verum
1190 1354 1249 1414 ego
1272 1336 1433 1398 tibertuso

225 1451 370 1531 altiusque
392 1451 543 1532 processi,
561 1449 639 1531 ¹durn
663 1468 708 1509 me
736 1449 860 1510 civitatis
881 1465 991 1509 morum
1015 1447 1096 1525 piget
1116 1446 1289 1525 taedetque;
1322 1467 1406 1509 nunc

225 1560 260 1621 ad
282 1563 429 1641 inceptum
452 1559 553 1621 redeo.
1040 1635 1044 1642 ἡ

309 1675 346 1734 V.
390 1671 501 1733 Bellum
529 1669 796 1749 scripturus'sum,
832 1666 911 1747 quod
939 1667 1065 1748 populus
1092 1668 1240 1730 Romanus
1265 1689 1332 1730 cum
1355 1670 1407 1730 lu·

224 1785 346 1864 gurtha,
374 1802 448 1864 rege
474 1781 675 1859 Numidarum,
705 1779 815 1858 gessit,
848 1779 969 1859 priunum
996 1779 1062 1858 quia
1093 1797 1227 1857 magnum
1254 1788 1283 1839 et
1313 1789 1407 1842 atrox

224 1897 363 1975 variaque
389 1894 510 1956 victoria
532 1894 600 1970 luit,
628 1891 694 1951 dein
723 1891 789 1970 quia
814 1869 882 1948 tunc
904 1888 1025 1969 primum
1053 1865 1209 1970 superbiae
1237 1889 1406 1952 nobilitatis

225 1979 424 2069 obviem'itum
441 1991 502 2083 est,
526 2023 601 2084 quae
624 2003 770 2063 contentio
789 2000 885 2059 divina
902 2009 933 2059 et
951 2000 1072 2060 bumana
1083 2009 1196 2062 -concta
1217 2004 1432 2080 permiscuit,2

225 2135 322 2198 eoque
342 2114 501 2179 vecordiae
523 2115 683 2194 processit,
707 2111 747 2170 uti
767 2110 869 2171 studiis
887 2110 1020 2171 civilibus
1039 2109 1147 2170 bellunr
1167 2121 1253 2191 atque
1275 2115 1404 2174 vastitas
1483 2139 1484 2142 ¹

225 2228 326 2288 ltaliae
348 2228 434 2287 finem
452 2226 575 2285 feceret.
620 2221 679 2283 Sed
701 2223 868 2301 priusquam
890 2221 1089 2284 huiuscemodi
1110 2224 1153 2282 rei
1176 2225 1284 2284 initium
1305 2227 1432 2303 expe-3

227 2338 294 2415 dio,
318 2354 411 2416 pauca
433 2353 521 2414 supra
550 2342 698 2414 repetam,
735 2348 792 2412 quo
819 2330 856 2390 ad
884 2332 1121 2411 cognoscendum
1151 2336 1244 2395 omnis
1272 2334 1402 2394 illustria

226 2448 320 2524 magis
348 2447 500 2523 magisque
524 2445 553 2504 in
579 2452 682 2524 aperto
710 2442 775 2502 sint.
824 2440 908 2502 bello
930 2441 1039 2503 Punico
1068 2446 1214 2522 secando,
1251 2463 1308 2524 quo
1340 2445 1430 2506 duxt

227 2551 508 2630 Carthaginiensium
529 2553 670 2616 llannibal
700 2561 768 2632 post
793 2552 1016 2630 magnitudinem
1042 2556 1167 2616 nominis
1185 2556 1308 2642 Romani
1339 2555 1400 2616 lta-

225 2758 370 2822 reflexivo,
397 2757 470 2823 quod
493 2773 655 2825 praegresso
675 2772 732 2808 cese
750 2772 791 2806 re·
823 2741 941 2807 ¹cedentis
959 2727 1156 2812 reiconoeot'ens
1169 2760 1340 2827 designetur;
1360 2759 1403 2810 ei.

227 2836 386 2904 sponderet,
406 2836 584 2888 substitueret
599 2839 707 2904 egregiis
719 2837 789 2887 viris.
833 2834 898 2886 Cat.
916 2835 963 2898 12,
977 2838 1003 2890 5.
1482 2809 1483 2879 l

262 2939 346 2974 eorum
360 2920 465 2987 sariram]
486 2923 571 2975 Paulo
590 2923 716 2974 liberiore
734 2935 791 2970 mo·
866 2935 898 2969 ac
913 2920 972 2987 non]
993 2939 1020 2974 v.
1040 2925 1075 2975 ad
1092 2924 1154 2977 (lot.
1172 2926 1220 2989 52,
1241 2925 1283 2976 12.

227 3004 261 3054 do
277 3019 361 3053 eorum
371 3000 487 3052 refertur
499 3003 534 3054 od
546 3003 692 3068 superioris
707 3015 789 3050 suun·
816 3065 840 3070 ,Ι
864 2998 1014 3065 debeantur]
1041 3003 1060 3054 i.
1079 3018 1103 3054 e.
1126 3003 1330 3068 possideantur3
1359 3000 1402 3054 cf.

226 3081 292 3131 cisti
314 3095 411 3131 vocem
433 3083 563 3137 maternum
591 3081 640 3130 sed
667 3078 789 3146 mollitur
830 3077 891 3143 Iug.
911 3078 953 3142 31,
976 3079 1017 3130 10.
1038 3081 1165 3132 Ceterum
1183 3079 1319 3132 sententia
1339 3083 1400 3129 est:

225 3176 259 3210 eo
289 3158 450 3219 insolentis,
475 3159 547 3232 quod
572 3160 675 3225 puriter
703 3152 788 3221 verde,
830 3152 947 3206 honores
966 3157 1125 3224 magnificos
1149 3172 1224 3217 esse,
1249 3157 1273 3204 si
1292 3157 1402 3221 egregii

223 3238 324 3299 figo-rae
348 3240 429 3299 atque
453 3239 536 3286 rerum
555 3246 683 3302 gestarum
708 3252 789 3288 voca·
831 3233 904 3296 sint,
921 3234 968 3298 qui
987 3250 1033 3286 eos
1052 3239 1163 3300 gerent,
1182 3233 1284 3286 nullius
1303 3235 1401 3300 pretii,

225 3310 291 3361 bule
307 3313 343 3362 sd
360 3312 422 3363 illos
440 3318 575 3377 spectant.
830 3311 855 3360 si
870 3311 904 3362 ob
928 3311 1050 3377 indignis
1068 3317 1207 3378 gerantur.

262 3405 287 3453 7.
315 3403 354 3454 bis
373 3403 491 3471 rioribus]
519 3406 571 3455 Hie
593 3420 675 3471 quam
697 3407 725 3456 id
743 3406 807 3456 de··
864 3405 889 3458 9.
908 3405 1012 3456 liberius
1034 3407 1170 3474 altiusque]
1194 3407 1326 3467 Liberius,
1357 3419 1404 3456 sc.

225 3484 372 3544 monstret,
390 3481 461 3545 quod
477 3496 606 3545 praesens
622 3488 673 3545 est,
692 3498 789 3534 sensus
829 3498 909 3550 quam
921 3485 1053 3549 prooemii
1063 3484 1129 3534 fines
1141 3485 1295 3549 patientum
1309 3483 1399 3540 altius,
1415 3521 1422 3534 .

226 3561 282 3609 est:
303 3557 423 3607 moribus
441 3558 543 3609 talibus
563 3556 593 3622 (i.
612 3574 635 3613 e.
656 3563 711 3610 tom
730 3576 789 3611 cor·
827 3563 846 3612 i.
866 3578 889 3614 e.
909 3560 1017 3628 longius
1042 3561 1092 3626 (so.
1110 3577 1127 3612 u
1148 3557 1292 3626 proposito)
1316 3561 1400 3623 qussi

225 3631 456 3700 mptis),·qusles
473 3650 544 3684 nunc
567 3640 646 3698 sunt;
673 3638 709 3687 ef.
730 3637 787 3689 Cic.
828 3639 857 3688 in
876 3653 950 3688 more
968 3638 1066 3700 situum
1083 3638 1120 3690 ei.
1136 3635 1311 3698 Liv.»XXXI,
1329 3636 1355 3699 l,
1369 3639 1398 3690 5.

126 3773 128 3776 ,
207 3717 296 3780 Ἐρρ.
316 3713 351 3764 od
369 3714 454 3766 Attio.
473 3715 507 3777 X,
529 3714 570 3766 11.
589 3715 656 3777 Qum
671 3719 734 3767 enim
749 3719 787 3766 di·
829 3716 955 3767 Peouideo
972 3719 1067 3780 animo,
1093 3717 1211 3781 quicquid
1229 3715 1397 3779 propredtar,

225 3807 279 3844 com
296 3792 355 3843 dac
372 3795 542 3844 iuuentute.
827 3799 853 3848 to
876 3796 1009 3845 vastiorem
1033 3809 1070 3844 me
1096 3791 1250 3846 atumdtlem
1277 3811 1309 3846 ac
1330 3797 1401 3848 uelut

258 3880 347 3945 furtim
359 3887 384 3930 et
400 3893 450 3943 per
468 3878 612 3947 londonia]
631 3882 650 3932 i.
669 3895 694 3931 e.
713 3878 788 3930 clon-
826 3871 978 3934 Pfflswldi‘m
994 3869 1082 3922 filebi·

226 3959 340 4012 destinis
351 3957 470 4021 insidiis,
484 3962 515 4008 ut
526 3957 609 4021 iures,
628 3962 656 4008 et
667 3973 716 4023 per
730 3959 786 4008 vim
863 3965 896 4014 V.
925 3965 948 4016 1.
974 3967 1097 4030 romaque
1126 3963 1241 4032 uictoria]
1272 3964 1397 4020 Ablativi

225 4043 359 4104 apertum,
376 4039 408 4087 ut
422 4035 557 4100 lotiones,
575 4037 612 4090 cf.
631 4036 690 4090 eat.
703 4037 747 4101 59,
761 4039 787 4088 5.
828 4046 892 4092 suut
918 4042 1075 4108 qualitatis,
1100 4043 1198 4108 quibus
1225 4041 1398 4107 significetur

225 4115 299 4166 Hist.
317 4116 364 4166 Fr.
380 4114 409 4176 I,
428 4113 476 4177 56,
495 4115 520 4164 7.
827 4122 857 4171 in
882 4120 930 4171 illo
959 4121 1031 4173 bello
1053 4122 1196 4174 victorium
1219 4122 1299 4174 modo
1322 4125 1397 4188 apud

259 4206 286 4256 8.
312 4207 420 4268 proinde
438 4204 522 4271 quasi]
551 4207 593 4256 Es
610 4205 652 4255 vis
677 4208 719 4254 est
739 4203 788 4272 ua·
828 4197 987 4262 Iugurtham
1024 4199 1105 4250 modo
1143 4198 1216 4264 spud
1257 4201 1397 4254 Romanos

225 4294 285 4329 rum
302 4282 507 4345 particularum,
524 4286 556 4332 ut
569 4281 641 4335 isles
653 4281 786 4345 quaedum
811 4276 922 4326 tuisse

226 4355 374 4406 similitudo
386 4371 466 4420 aeque
475 4365 544 4407 reete
559 4372 611 4407 cum
624 4359 695 4407 modo
709 4372 788 4420 prae·
863 4360 888 4409 2.
908 4357 1003 4408 Studiis
1016 4357 1127 4408 moltibus
1139 4354 1204 4423 etc]
1227 4358 1397 4425 Intelligitur
