3028 4852
571 299 748 349 cnrrnrun.
774 299 804 346 c.
830 297 851 343 1.
875 297 913 344 11.
1285 279 1325 340 37

125 464 314 542 3plurumum
340 445 487 537 ingenium
513 475 613 537 posse.
660 456 744 530 Quod
770 456 793 514 si
818 472 918 532 regum
935 461 1022 531 atque
1044 455 1250 531 imperatorum
1267 448 1326 510 ani·

154 575 191 632 mi
215 575 304 633 virtus
328 573 354 630 in
385 587 458 648 pace
489 570 526 629 ita
555 575 584 626 ut
613 568 640 625 in
670 566 749 625 bello
777 563 907 640 valeret,
937 562 1122 642 aequabilius
1145 570 1233 640 atque
1257 579 1325 621 con-

154 685 275 744 stantius
297 700 365 742 sese
388 699 437 738 res
460 679 601 738 humanae
624 675 778 744 tuberone
812 693 907 753 neque
935 672 1011 734 aliud
1035 673 1094 732 alio
1115 673 1203 748 terri,
1230 689 1327 750 neque

124 795 254 854 lmutari
282 811 317 852 ac
339 791 456 850 misceri
479 788 573 849 omnia
596 803 745 846 cerneres.
790 783 862 845 Nam
886 785 1037 862 imperium
1059 783 1147 844 iacile
1163 783 1198 841 iis
1217 779 1327 842 artibus

68 945 72 950 ·
125 905 312 978 tretinetur,
341 899 445 980 quibus
472 899 552 958 initio
584 905 694 976 partum
724 904 778 954 est.
824 896 932 954 Verum
962 893 1010 953 ubi
1041 911 1096 974 pro
1125 892 1229 953 labore
1252 891 1327 952 desi-

155 1015 217 1090 dia,
248 1031 302 1092 pro
332 1009 510 1071 continentia
540 1016 569 1067 et
599 1007 748 1084 aequitate
779 1003 879 1065 lubido
905 1014 993 1083 atque
1017 1003 1156 1083 superbia
1180 1005 1328 1077 invasere,

127 1125 270 1185 oiortuna
301 1121 384 1182 simul
415 1137 478 1178 cum
508 1116 637 1177 moribus
665 1116 837 1174 immutatur.
888 1113 930 1174 lta
962 1117 1114 1194 imperium
1144 1132 1263 1193 semper
1293 1113 1329 1174 ad

127 1243 303 1313 toptumum
324 1247 469 1312 quemque
491 1246 507 1288 a
527 1227 620 1286 minus
642 1224 720 1284 bono
749 1224 931 1286 transfertur.
978 1226 1059 1302 Quae
1082 1225 1215 1284 homines
1236 1233 1331 1300 arant,

128 1346 310 1421 snavigant,
335 1340 505 1413 aedificant,
528 1336 625 1396 virtuti
649 1334 743 1394 omnia
766 1342 878 1412 parent.
924 1335 983 1396 Sed
1000 1334 1080 1395 multi
1099 1335 1256 1411 mortales,
1280 1333 1330 1392 de·

68 1505 75 1512 .
157 1454 208 1514 diti
236 1455 330 1543 ¹nentri
361 1459 447 1529 atque
478 1463 599 1522 somno,
635 1442 743 1503 indocti
779 1443 936 1523 incultique
965 1446 1052 1505 vitam
1086 1447 1169 1506 sicuti
1198 1443 1331 1525 peregri-

158 1574 261 1626 nantes
288 1562 446 1630 transiere;
479 1555 583 1638 quibus
612 1553 748 1633 proiecto
772 1563 872 1613 contra
895 1565 1023 1615 naturam
1047 1573 1155 1635 corpus
1176 1554 1331 1634 voluptati,

159 1675 252 1735 anima
283 1672 366 1732 oneri
400 1671 460 1730 luit.
518 1667 626 1728 Eorum
660 1681 718 1740 ego
749 1664 834 1723 vitam
868 1673 1049 1744 mortemque
1081 1666 1159 1760 illl!
1189 1673 1331 1742 aestumo,

157 1863 257 1930 sunici
272 1877 350 1925 queunt,
369 1857 418 1915 ubi,
439 1854 582 1906 nectendis
597 1853 725 1902 enuncia·
803 1849 829 1902 6.
845 1849 1013 1916 transfertur]
1034 1851 1052 1899 i.
1072 1867 1095 1898 e.
1114 1852 1216 1910 mansit,
1232 1848 1286 1912 vel,
1304 1853 1335 1898 ut

159 1939 281 1990 tionibus
301 1935 465 1996 inserviens,
483 1931 660 1982 accusativus
679 1928 725 1978 ab·
770 1928 884 1978 Tacitus
902 1928 973 1978 Aun.
999 1928 1022 1991 1,
1050 1927 1073 1977 l.
1101 1927 1239 1993 loquitur,
1267 1929 1334 1979 cedit

162 2019 267 2073 solutus
287 2022 344 2079 est,
368 2030 481 2080 eamque
498 2013 555 2064 vim
573 2011 671 2072 habet,
695 2012 726 2058 ut
769 2007 798 2057 in
817 2008 949 2071 optimum
970 2023 1111 2072 quemque.

160 2115 208 2161 ea,
229 2112 299 2163 quae
316 2097 480 2160 sequuntur,
498 2098 614 2153 respectu
627 2097 726 2140 antece·
804 2093 828 2142 i.
852 2094 922 2156 Quae
943 2093 1051 2144 lentunen
1068 2101 1145 2142 orant
1163 2089 1227 2156 ete]
1253 2092 1277 2141 A
1294 2106 1336 2142 re-

161 2177 266 2252 demtum
292 2175 367 2224 dieta.
392 2187 452 2221 esne
476 2167 625 2234 significet,
654 2166 725 2230 quod
769 2171 819 2221 bus
838 2171 956 2237 publicis
984 2176 1081 2222 auctor
1103 2171 1204 2220 transit
1226 2168 1262 2218 ad
1282 2169 1336 2234 pri-

161 2253 316 2321 germanice
340 2250 385 2302 vel
408 2266 457 2298 nete
480 2245 617 2312 particula
636 2242 725 2308 expri-
766 2254 855 2299 vates,
894 2251 984 2312 Quare
1003 2265 1100 2300 sensus
1119 2251 1173 2298 est:
1199 2262 1337 2312 quaeeun-

160 2335 257 2394 mitnr,
276 2329 320 2381 vel
338 2327 474 2394 peculiari
490 2322 625 2376 vocabulo
644 2321 725 2387 plane
769 2346 820 2395 que
851 2330 973 2380 homine,
1010 2331 1039 2380 in
1072 2327 1338 2394 privafisnegoffig

160 2413 239 2464 reddi
257 2410 361 2474 nequit.
768 2411 869 2472 agunt,
888 2409 946 2458 sive
960 2407 1076 2469 urendo,
1098 2406 1155 2458 sive
1169 2404 1335 2470 navigando,

196 2498 383 2568 imperatorum]
408 2500 521 2548 Latione
547 2509 630 2546 sensu
651 2494 727 2554 impe·
768 2487 826 2537 sive
840 2487 1010 2538 aedificando
1025 2487 1167 2552 occupati,
1184 2485 1253 2536 haec
1269 2499 1337 2550 quo-

162 2594 265 2636 retores
283 2583 424 2639 dicuntur,
448 2576 494 2643 qui
512 2573 593 2624 rebus
610 2568 728 2637 publicis
771 2581 823 2630 que
846 2565 946 2614 etalio
964 2563 1098 2616 eiusmodi
1123 2565 1214 2615 omnia
1232 2579 1267 2612 em
1285 2563 1338 2612 uir-

163 2663 308 2731 praesunt3
332 2657 369 2707 cf.
390 2655 452 2704 Cat.
471 2654 497 2716 6,
520 2655 544 2702 t.
567 2649 658 2698 Annua
676 2649 730 2696 im·
772 2650 822 2692 tute
838 2643 963 2704 perrdent,
985 2645 1004 2693 i.
1025 2658 1048 2693 e.
1068 2641 1136 2691 nihil
1160 2656 1252 2691 eorum
1278 2639 1337 2690 siue

121 2733 122 2736 ¹
161 2741 259 2804 peria
277 2737 394 2799 binosque
412 2737 634 2794 imperatores
651 2725 680 2788 (i.
702 2740 726 2772 e.
770 2722 873 2772 virtute
891 2719 948 2770 lieri
967 2726 1067 2786 potest.

165 2813 303 2877 consules)
321 2811 474 2873 sibiseeere.
494 2807 609 2871 1ug.'24‚
630 2805 656 2852 7.
673 2801 728 2860 Me,
806 2807 831 2855 8.
851 2808 945 2858 indocti
959 2803 1101 2872 incultique]
1122 2803 1194 2854 Illud
1209 2807 1251 2854 est
1269 2805 1338 2853 nella

165 2910 234 2961 quern
251 2907 294 2942 eos
311 2893 537 2952 imperatorem
555 2881 667 2931 Numidis
684 2893 730 2940 po·
770 2885 876 2934 seientia
902 2887 1035 2946 instructi,
1071 2884 1122 2933 hoc
1153 2880 1262 2930 moritu,
1291 2896 1340 2931 mm

165 2975 266 3030 suurn,
285 2971 395 3018 clausum
409 2963 513 3014 obsidet.
770 2963 851 3023 potiti.

200 3049 271 3137 alius}
288 3047 339 3095 “¹5⁰
354 3039 433 3133 [em]
453 3041 514 3089 ΗΜ
532 3036 571 3098 fib
591 3034 730 3124 ulfiregffl
808 3057 881 3106 sicuti
904 3050 1111 3117 peregrinantes]
1144 3048 1257 3100 Scilicet
1293 3048 1342 3113 qui

167 3130 281 3190 impeno
305 3121 436 3174 excidunt
460 3122 488 3167 et
514 3127 597 3178 1·egna
617 3127 646 3160 1n
663 3109 730 3158 alte·
773 3134 801 3183 in
831 3132 922 3197 aliquo
948 3130 1009 3180 1000
1029 3129 1250 3194 peregrinantur,
1277 3141 1341 3176 con„

166 3207 224 3256 rius
243 3202 411 3266 P⁰te⁵tat⁰m
429 3195 553 3283 'enm'
774 3213 926 3265 suetudinis
947 3209 1045 3260 civium
1062 3208 1234 3272 omniumque
1252 3220 1342 3256 rerum

202 3282 295 3330 mutari
311 3292 342 3326 oc
358 3275 457 3325 misceri
473 3267 564 3336 onmto]
591 3268 633 3316 De
651 3264 733 3316 rebus
774 3291 864 3357 ignari
883 3306 943 3342 esse
961 3287 1058 3338 solent.

166 3360 261 3421 novis,
301 3358 447 3407 civitatum
479 3343 733 3418 perturbationibus

167 3455 200 3488 ac
228 3435 306 3487 bellis
339 3432 468 3484 civilibus
497 3429 566 3478 haec
596 3422 732 3489 capienda

168 3518 360 3652 ε111ῗ.ιινιίἱ>ιι.ς]
389 3587 450 3636 Hac
475 3599 542 3635 voce
566 3577 734 3645 significatur

169 3672 313 3723 contracta
340 3665 441 3730 agendi
463 3657 631 3714 consuetudo
650 3660 734 3720 utque

169 3750 255 3808 ratio3
276 3760 346 3810 quae
364 3746 446 3808 prout
459 3739 504 3791 vel
517 3739 590 3788 bono
606 3735 650 3786 vel
662 3732 734 3782 mala

170 3832 229 3889 est,
249 3831 320 3886 optes
331 3826 387 3870 tum
396 3823 502 3870 uirtutes
512 3822 569 3866 tum
584 3815 643 3863 uitia
656 3813 734 3869 sunt;

170 3905 207 3957 cf.
228 3903 289 3953 (lat.
309 3900 335 3961 3,
354 3901 379 3948 4.
399 3899 425 3960 5,
441 3899 467 3946 t.
487 3895 513 3957 9,
533 3893 558 3944 3.
583 3890 625 3953 10,
644 3892 669 3940 4.
693 3888 735 3950 ll,

169 3988 195 4036 2·
207 3979 303 4120 51.3Ξ)νῗ)ο
321 3974 484 4118 {grintina}
511 4052 564 4100 Per
588 4045 739 4096 chiasmum
814 4029 898 4095 tuxtn]
926 4031 944 4080 i.
973 4045 997 4080 e.
1028 4029 1136 4078 eiusdem
1161 4025 1251 4088 pretii,
1278 4021 1346 4086 qnod

91 4148 98 4158 ’
171 4135 336 4188 continentiae
348 4132 496 4198 respondet
505 4125 633 4191 snperbia,
653 4123 739 4188 eequi—
780 4114 870 4162 nullum
883 4116 934 4167 eti,
948 4108 1007 4157 Sive
1017 4108 1120 4169 pariter
1133 4103 1216 4159 nibil&
1231 4101 1269 4152 ef.
1282 4101 1344 4165 lug.

173 4216 220 4267 tati
237 4196 727 4270 inette.-ef.cat.14,2.3.1ug.t,5.
780 4191 822 4254 85,
850 4188 893 4240 33.
920 4187 1029 4236 Hiemem
1058 4191 1084 4232 et
1108 4189 1227 4232 aestatem
1248 4183 1345 4230 iuncto

205 4285 321 4354 fortune]
352 4288 370 4338 i.
403 4304 426 4338 e.
456 4288 585 4335 externus
613 4274 738 4326 civitatis
778 4271 848 4332 pati,
865 4266 884 4316 i.
904 4279 926 4314 e.
944 4263 1003 4329 pari
1016 4259 1248 4327 petientiat'errc3
1265 4276 1291 4308 v.
1308 4257 1344 4308 ad

173 4372 278 4430 status,
297 4365 404 4415 motibus
422 4359 575 4428 oppositus.
780 4346 841 4397 Ost.
861 4343 904 4406 37,
919 4343 946 4394 8.

811 3381 903 3447 enimn]
931 3382 1008 3432 Haec
1030 3396 1099 3443 vox,
1128 3378 1204 3428 cuius
1229 3375 1340 3442 propria

775 3466 898 3530 potestas
918 3475 949 3509 ea
970 3462 1026 3521 sat,
1052 3462 1082 3508 ut
1098 3455 1211 3508 vitalem
1228 3455 1283 3504 vim
1302 3458 1342 3503 at-

776 3565 829 3615 que
846 3540 988 3611 ἐνέργειαν
1007 3561 1054 3610 per
1072 3548 1161 3594 totum
1175 3556 1272 3606 corpus
1291 3541 1342 3591 dif-

777 3629 865 3678 fusam
884 3624 1024 3690 designst,
1041 3621 1193 3682 interdum,
1220 3619 1267 3668 ubi
1286 3633 1343 3670 cor-

776 3705 835 3771 pori
861 3702 1021 3767 opponitur,
1050 3700 1089 3750 ita
1120 3700 1281 3761 usurpatur,
1312 3697 1343 3744 ut

778 3799 832 3834 non
852 3779 960 3830 differat
979 3779 1012 3828 ab
1031 3778 1091 3843 ipso
1111 3779 1204 3832 aninm-
1224 3773 1259 3824 cl.
1279 3771 1303 3834 ἓ.
1315 3771 1341 3823 9.

779 3863 839 3926 Iug.
858 3859 882 3920 2,
902 3856 925 3908 l.
947 3871 1027 3922 penus
1050 3855 1167 3905 bmmnnm
1187 3850 1343 3912 compositum

781 3955 815 3990 ec
833 3941 972 3997 corpore
990 3941 1015 3982 et
1033 3935 1136 3982 anima
1155 3937 1202 3984 est.
