3028 4852
306 307 354 354 nn
376 307 559 356 ennuusmr
581 308 681 376 vrrs,
704 309 853 358 ineante
876 309 920 358 no
944 310 1108 359 uomens.
1257 299 1292 360 11

125 474 241 546 potest,
265 473 400 543 quantum
423 463 528 525 talibus
549 466 764 526 narrationibus
787 465 872 526 tribui
896 467 1004 546 possit,
1028 468 1188 529 otiosorum
1208 478 1295 549 atque

124 576 316 654 malignorum
339 575 513 638 urbanorum
532 575 669 638 industria
691 579 873 657 propagatis.
917 575 1043 638 Adhuc
1065 579 1090 638 si
1111 580 1295 658 reputaveris

125 687 291 749 Sallustium
307 695 374 766 post
388 705 475 747 veras
491 695 520 745 et
532 685 623 764 longe
642 688 831 765 gravissimas
854 688 1076 766 contentiones,
1094 688 1189 752 ctodtt
1204 689 1295 750 caede

124 807 221 875 ortas,
246 807 341 860 tamen
362 815 425 857 cum
444 796 554 858 Milone
574 799 602 857 in
622 798 744 875 gratiam
766 797 890 858 rediisse
915 797 971 876 (el.
993 797 1104 860 Aaron.
1130 801 1157 860 iu
1180 799 1242 861 cte.
1267 818 1296 880 p.

123 909 184 971 llil.
209 927 238 988 p.
262 911 313 972 39.
336 909 420 988 On),
450 910 540 970 multo
568 909 659 968 minus
688 908 767 968 credi
792 916 889 987 potest
911 915 1017 970 tantam
1039 909 1123 971 alteri
1145 909 1182 972 ab
1201 911 1295 972 altero

125 1022 328 1081 contumeliam
356 1021 464 1082 illatam
486 1019 598 1096 luisse,
628 1037 703 1098 quae
727 1036 841 1080 omnem
864 1021 1132 1081 reconciliationem
1154 1021 1295 1102 impedire

124 1131 260 1192 debebat.
304 1131 423 1192 Frustra
449 1139 544 1192 autem
572 1131 625 1190 viri
650 1129 729 1191 docti
760 1129 931 1207 confugiunt
958 1131 994 1192 ad
1024 1131 1135 1192 Horatii
1165 1133 1294 1193 testimo·

124 1243 213 1318 nium,
245 1259 303 1321 quo
326 1242 469 1303 Varronis
495 1242 688 1301 narrationem
714 1241 895 1301 confirment.
942 1241 996 1316 Qui
1027 1260 1113 1322 quum
1139 1242 1167 1302 in
1189 1243 1249 1304 Sat.
1272 1243 1295 1320 l,

124 1353 160 1428 2,
184 1353 224 1413 40
249 1371 333 1431 sqq,
365 1351 412 1410 uhi
430 1353 511 1412 varia
532 1351 719 1412 moechorum
749 1350 878 1430 pericula
902 1350 1055 1430 describit,
1078 1352 1152 1412 haec
1174 1352 1295 1414 haheat:

124 1459 201 1536 „ille
219 1459 355 1541 lloqella'a
375 1459 428 1521 Ad
446 1469 573 1524 mortem
596 1479 730 1533 οπως
752 1461 868 1538 lugiens
891 1461 939 1522 hic
960 1461 1067 1524 decidit
1088 1481 1185 1524 aorem
1207 1463 1293 1525 Prae·

124 1571 230 1630 donum
249 1573 277 1632 in
296 1571 422 1642 turbam;
442 1571 528 1633 dedit
546 1571 596 1634 tto
612 1591 672 1652 pro
691 1590 825 1651 corpore
842 1577 1019 1650 nummor,“
1036 1573 1155 1634 Acrone
1175 1583 1295 1636 auctore

124 1680 292 1741 Sallustium
312 1683 470 1760 significari
490 1684 607 1760 volunt,
631 1682 709 1760 quod
733 1683 919 1744 falsissimum
939 1691 992 1744 est.
1036 1683 1109 1744 Nam
1129 1701 1214 1762 quum
1237 1685 1294 1745 llo·

123 1791 213 1851 ratius
231 1802 333 1872 aperte
355 1795 430 1853 inter
449 1792 523 1853 duos
542 1795 712 1871 distinguat,
737 1811 854 1854 caesum
873 1791 1011 1870 alterurn,
1034 1793 1156 1854 alterum
1176 1789 1295 1855 nummis

123 1921 141 1961 e
165 1902 297 1981 periculo
321 1914 469 1983 ereptum,
493 1904 528 1964 ad
552 1903 718 1964 Sallustium
738 1904 891 1984 respicere
914 1920 972 1963 non
995 1904 1103 1984 potuit,
1133 1904 1182 1982 qui
1205 1905 1297 1966 simul

123 2019 153 2072 et
175 2031 288 2074 caesus
317 2021 346 2075 et
369 2014 505 2094 pecunia
525 2014 703 2094 redemptus
733 2013 871 2074 creditur.
916 2013 975 2073 Sed
997 2031 1033 2072 ue
1058 2014 1208 2091 cogitasse
1233 2013 1293 2092 qui·

124 2123 189 2184 dem
210 2124 246 2184 de
267 2126 424 2202 Sallustio,
449 2144 487 2185 ex
504 2143 541 2186 eo
560 2134 658 2205 patet,
682 2126 759 2205 qnod
778 2125 853 2185 idem
873 2132 1073 2202 argumentum
1091 2122 1209 2184 uberius
1229 2143 1294 2203 per·

124 2254 253 2315 sequens
285 2255 372 2296 versu
399 2236 511 2297 demum
545 2236 585 2296 64
616 2254 681 2315 sqq.
710 2235 747 2296 de
775 2234 901 2296 Faustae
936 2233 1069 2294 adultero
1097 2235 1186 2295 Villio
1220 2234 1295 2295 haec

124 2346 253 2426 proiert:
289 2347 418 2423 „Villius
444 2347 471 2406 in
497 2345 603 2406 Fausta
627 2346 724 2406 Sullae
753 2363 861 2424 gener,
890 2345 948 2406 lroc
976 2345 1065 2404 miser
1093 2363 1148 2404 unc
1171 2344 1294 2406 Nomine

124 2458 284 2536 deceptus,
307 2475 419 2536 poenas
438 2456 517 2517 dedit
539 2476 632 2536 usque
653 2474 802 2536 superque
822 2456 914 2531 Quam
934 2455 1004 2515 satis
1024 2464 1082 2531 eat,
1104 2457 1209 2558 puflqls
1228 2475 1294 2516 eae-

125 2587 175 2628 aus
201 2568 341 2647 ierroque
369 2569 509 2648 petitus.“
558 2565 632 2626 Nam
662 2569 686 2626 si
714 2568 764 2626 vix
793 2567 895 2646 paucis
919 2565 1053 2628 versibus
1082 2575 1147 2626 ante
1170 2541 1294 2628 Faflstae

125 2697 241 2738 amores
265 2678 406 2738 Sallustio
435 2681 637 2758 improsperos
660 2685 865 2755 memorasset,
894 2693 1015 2756 prorsus
1041 2678 1140 2754 inepte
1170 2676 1206 2737 ad
1229 2695 1322 2755 eom

124 2790 189 2849 dem
210 2789 273 2869 pari
295 2788 382 2849 modo
401 2790 490 2850 Villio
512 2789 681 2849 evenientes
702 2805 842 2848 reversus
865 2794 954 2847 esset.
1000 2787 1097 2862 Quare
1116 2787 1219 2848 lalsum
1238 2798 1293 2866 est,
1357 2785 1366 2798 ⁴

125 2899 203 2979 qnod
226 2899 306 2960 Acro
328 2899 363 2959 ad
385 2920 412 2959 v.
435 2901 486 2961 41.
510 2901 673 2960 annotavit:
709 2899 794 2976 „lloc
816 2897 853 2957 de
877 2895 910 2958 C.
933 2895 1039 2976 Crispo
1063 2896 1201 2959 Sallustio
1224 2898 1292 2959 dioi-

122 3019 187 3086 tur,
212 3011 260 3089 qui
281 3009 484 3089 deprehensus
507 3011 543 3070 ab
563 3009 659 3069 Annio
677 3010 785 3071 Milone
807 3009 835 3069 in
856 3009 997 3070 adulterio
1022 3029 1085 3070 eum
1108 3027 1200 3069 uxore
1219 3008 1292 3070 Fau·

122 3129 185 3198 sta,
210 3120 309 3180 Sullae
330 3120 405 3199 lilia,
430 3121 559 3198 llagellis
579 3140 685 3182 caesus
703 3140 770 3180 esse
792 3119 913 3196 dicitur,
937 3130 967 3181 ut
988 3119 1079 3182 relert
1098 3119 1248 3180 Asconius
1264 3121 1291 3180 in

122 3233 186 3291 eius
209 3233 299 3291 vita.“
342 3230 374 3291 ln
397 3249 527 3291 errorem
549 3232 624 3292 enim
646 3231 756 3292 induxit
777 3230 963 3292 scholiastam
983 3232 1083 3291 notitia
1105 3229 1141 3290 de
1162 3229 1292 3292 Sallustii

121 3341 264 3402 adulterio
287 3360 325 3401 en
342 3341 474 3402 Asconio
494 3341 613 3420 hausta,
637 3345 684 3422 qui
707 3343 771 3422 ipae
790 3343 932 3403 Varronis
952 3344 1146 3403 narrationem
1168 3343 1195 3402 in
1216 3341 1292 3401 libro

122 3452 159 3512 de
182 3452 259 3512 Pace
283 3460 401 3512 secutus
424 3451 551 3523 videtum
581 3471 754 3532 quamquam
782 3454 847 3532 ipsa
869 3453 996 3514 Acronis
1018 3452 1108 3512 verba
1136 3452 1171 3512 ad
1194 3452 1222 3512 id
1242 3452 1291 3512 du·

123 3570 205 3640 cunt,
226 3562 303 3641 quod
318 3581 410 3642 supra
433 3542 560 3642 probare
579 3563 751 3640 studuimus,
770 3571 859 3624 totam
879 3584 940 3624 rem
959 3565 1070 3624 ineerta
1090 3563 1187 3642 potius
1206 3563 1290 3640 lama,

122 3691 206 3752 quam
225 3674 305 3733 lacto
328 3683 480 3752 comperto
503 3675 568 3752 niti,
597 3673 739 3755 siquidem
762 3674 920 3736 scholiasta
943 3684 1063 3736 anctore
1082 3673 1228 3734 Asconius
1245 3691 1291 3733 re·

121 3784 195 3858 lert,
226 3800 283 3843 uon
307 3801 425 3843 caesum
448 3802 532 3860 esse,
562 3784 614 3845 sed
640 3801 755 3844 caesum
779 3803 846 3846 esse
874 3784 946 3847 dici.
991 3785 1023 3846 ln
1046 3785 1184 3844 maiorem
1205 3785 1291 3844 etiam

121 3911 246 3973 eumque
275 3891 421 3974 duplicem
449 3913 579 3955 errorem
601 3894 680 3955 Acro
710 3895 808 3956 incidit
836 3894 871 3956 ad
895 3917 922 3956 v.
946 3898 986 3957 47
1014 3913 1080 3974 sqq.
1112 3893 1234 3972 „Tutior
1263 3904 1291 3955 at

122 4012 230 4084 quanto
253 4023 335 4064 merx
358 4013 403 4064 est
432 4005 460 4064 in
484 4006 580 4066 classe
609 4005 755 4083 secunda,
784 4006 995 4067 libertinarum
1017 4005 1093 4065 dico.
1138 4002 1291 4065 Sallustius

121 4115 149 4174 in
174 4132 248 4192 quas
269 4113 335 4174 Non
363 4116 454 4176 minus
476 4115 581 4176 insanit
611 4134 695 4195 quam
719 4117 766 4195 qui
786 4117 994 4193 moechatur,“
1021 4115 1057 4176 ad
1080 4131 1164 4192 quem
1194 4111 1291 4176 locurn

121 4225 195 4286 haec
214 4226 378 4286 annotavit:
418 4226 545 4304 „Fertur
568 4225 723 4286 Sallustius
743 4223 865 4306 Crispus
887 4236 966 4286 tanto
989 4225 1094 4286 ardore
1117 4224 1290 4286 insanivisse

121 4337 149 4396 in
171 4335 339 4414 libertinas,
368 4347 475 4417 quanto
497 4336 637 4398 moechus
658 4338 687 4396 in
715 4341 872 4399 matronas.
917 4336 1003 4412 Quod
1022 4353 1107 4415 quum
1130 4335 1173 4395 illi
1194 4338 1222 4397 in
1244 4355 1289 4398 se·
