3028 4852
596 271 851 321 ARGUMEN'I'UM.

210 427 254 478 40.
290 426 467 493 Allobrogum
485 425 586 492 legati,
607 426 642 478 ab
661 443 692 478 eo
711 429 811 496 illecti,

210 515 255 565 41.
291 515 412 580 quirem
431 513 556 564 Ciceroni
573 513 706 566 indicant.

209 602 252 651 42.
287 601 380 651 Motus
397 601 425 650 in
443 601 528 651 variis
545 601 644 652 Italiae
660 601 818 667 regionibus
836 599 933 652 exorti.

208 687 251 738 43.
288 686 495 736 Coniuratorum
512 686 627 738 consilia
644 687 677 738 de
695 687 858 739 tumultuin
875 687 943 738 urbe
952 687 1108 743 excitando.
1122 717 1155 726 -
1173 690 1309 758 Cethegus

137 775 288 822 ceterorum
303 771 494 824 lentitudinem
510 777 633 826 accusat.

208 860 250 910 44.
288 859 428 924 Principes
444 859 640 911 coniurationis
659 875 707 927 per
725 858 887 926 Allobroges
911 876 945 912 ex
961 869 1106 929 praecepto
1123 865 1262 916 Ciceronis
1280 866 1308 916 in

136 944 251 995 insidias
269 944 442 997 inducuntur.

208 1032 251 1082 45.
288 1030 448 1096 Allobroges
467 1030 528 1081 dolo
554 1046 572 1081 a
590 1030 720 1083 Cicerone
739 1033 890 1098 composito
909 1049 969 1085 cum
987 1033 1086 1086 litteris
1105 1036 1307 1087 coniuratorum

137 1119 225 1168 Roma
242 1117 446 1183 proficiscentes
465 1116 738 1184 comprehenduntur.

596 1249 847 1260 -ψ

207 1323 250 1374 46.
290 1322 398 1386 Cicero,
417 1320 532 1372 consilio
550 1323 687 1388 perfecto,
706 1325 799 1390 capita
814 1325 1011 1377 coniurationis
1030 1325 1066 1376 ad
1086 1330 1216 1378 sevocat
1234 1328 1307 1377 etin

138 1412 262 1458 senatum
281 1408 403 1459 adducit.

206 1496 251 1546 47.
286 1493 442 1546 Volturcius
462 1498 490 1544 et
505 1493 665 1560 Allobroges
685 1495 847 1562 interrogati
870 1494 903 1546 de
925 1497 1111 1549 coniuratione
1133 1499 1236 1551 indicio
1257 1515 1307 1550 suo

137 1585 256 1646 arguunt
274 1579 419 1630 Lentulum
439 1583 466 1630 et
484 1585 603 1644 ceteros,
623 1583 715 1647 quiin
734 1582 834 1632 liberas
851 1583 991 1633 custodias
1010 1584 1118 1636 dantur.

206 1665 249 1716 48.
285 1667 355 1717 Tum
373 1665 460 1731 plebis
484 1670 590 1717 mutata
611 1673 722 1733 repenle
747 1683 833 1719 mens.
857 1699 893 1709 -
920 1669 1085 1735 Tarquinius
1109 1672 1180 1724 falso
1205 1671 1306 1723 indicio

137 1751 267 1802 Crassum
285 1752 480 1804 coniurationis
498 1753 647 1805 insimulat.

206 1841 250 1893 49.
288 1838 401 1891 Catulus
426 1844 454 1891 et
475 1840 540 1891 Piso
562 1839 707 1890 Caesarem
729 1841 782 1904 sibi
804 1843 921 1892 invisum
944 1841 977 1890 de
999 1841 1185 1892 coniuratione
1213 1857 1307 1908 suspe-

137 1930 211 1976 ctum
228 1925 341 1976 reddere
357 1925 476 1976 student.

206 2013 249 2063 50.
286 2012 377 2061 Motus
404 2012 510 2062 subitus
533 2011 561 2060 in
583 2012 650 2063 urbe
677 2028 695 2063 a
716 2014 847 2065 Cicerone
870 2027 1048 2078 compressus.
1070 2042 1105 2052 —
1132 2014 1250 2065 Senatus
1273 2015 1306 2064 de

136 2115 225 2164 poena
243 2099 445 2150 coniuratorum
463 2098 588 2150 babetur.

206 2186 250 2237 51.
287 2185 412 2236 Caesaris
431 2186 529 2237 oratio.

205 2271 245 2322 Ut
262 2273 434 2324 senatoribus
452 2271 617 2338 persuadeat
635 2270 791 2322 coniuratos
811 2286 866 2322 non
892 2285 952 2321 esse
975 2271 1108 2336 supplicio
1134 2270 1304 2336 afficiendos,

135 2358 267 2424 imprimis
279 2359 359 2410 docet
376 2359 442 2410 nihil
453 2359 575 2410 lubidine
593 2372 654 2408 esse
667 2355 810 2422 agendum,
830 2357 878 2406 sed
896 2354 1001 2421 legibus
1020 2357 1159 2408 utendum.
1190 2359 1306 2409 Frustra

136 2444 267 2496 facinoris
290 2446 462 2498 atrocitatem
484 2445 625 2507 exornari,
652 2458 739 2507 neque
762 2441 945 2508 quaerendum
968 2443 1034 2509 quid
1057 2444 1193 2494 coniurati
1217 2445 1306 2494 meriti

136 2529 205 2593 siut,
229 2531 277 2581 sed
300 2531 366 2597 quid
390 2535 447 2581 tum
474 2532 593 2598 dignitas
618 2529 724 2595 imperii
746 2533 803 2579 tum
827 2528 993 2592 reipublicae
1017 2530 1137 2580 rationes
1155 2531 1303 2595 postulent.

137 2614 228 2675 Quare
239 2618 419 2683 maximopere
438 2633 498 2669 esse
512 2618 677 2680 cavendum,
696 2631 730 2666 ne
746 2613 819 2680 quod
836 2618 932 2665 contra
944 2630 1044 2665 morem
1056 2616 1188 2666 maiorum
1205 2633 1305 2669 novum

135 2704 219 2766 utque
238 2705 348 2754 noxium
367 2705 517 2771 exemplum
536 2706 564 2755 in
581 2704 720 2755 civitatem
737 2700 892 2752 inducatur.

206 2789 249 2840 52.
285 2789 398 2842 Catonis
417 2792 515 2842 oratio.

205 2875 322 2940 Ignaviit
339 2882 366 2927 et
382 2876 551 2943 negligentid
567 2878 717 2925 ceterorum
734 2871 853 2938 graviter
869 2871 995 2922 incusati
1013 2871 1041 2922 in
1059 2885 1162 2924 summo
1178 2874 1306 2939 reipubli-

135 2975 184 3010 cae
206 2961 327 3026 periculo
350 2962 417 3012 nihil
442 2961 644 3012 misericordiae
665 2959 721 3010 loci
743 2971 804 3007 esse
827 2955 960 3020 ostendit,
986 2956 1034 3006 sed
1058 2957 1160 3024 insigni
1183 2959 1304 3024 exemplo

135 3046 209 3096 edito
228 3049 359 3098 scelestos
383 3040 443 3097 esse
461 3046 634 3097 coercendos.
671 3045 836 3109 Impuguata
855 3042 940 3108 igitur
957 3043 1083 3094 Caesaris
1107 3043 1223 3094 maxime
1246 3060 1305 3096 sen-

134 3131 239 3194 tentia,
257 3147 311 3181 non
331 3131 446 3182 mollitia
462 3135 594 3184 consueta
611 3130 757 3192 utendum,
777 3128 825 3178 sed
844 3130 965 3194 graviter
983 3128 1117 3194 agendum
1136 3137 1242 3195 censet,
1267 3137 1303 3196 et,

134 3216 180 3282 qui
198 3216 330 3280 probrosa
353 3217 411 3268 vita
428 3218 613 3270 misericordia
635 3216 739 3282 indigui
763 3213 833 3278 sint,
857 3230 904 3265 eos
929 3216 962 3266 ob
981 3215 1116 3268 nefarium
1134 3217 1222 3269 scelus
1241 3235 1303 3286 sup-

135 3303 218 3368 plicio
241 3303 400 3354 afficiendos
419 3320 489 3380 esse.

205 3391 248 3442 53.
285 3390 397 3442 Catonis
419 3390 555 3444 sententia
573 3390 712 3456 probetur.

202 3594 343 3660 Digressio
368 3597 401 3648 de
423 3594 609 3664 magnitudine
633 3592 726 3660 populi
744 3592 858 3643 Romani
882 3607 1028 3658 paucorum
1050 3593 1168 3644 virorum
1192 3595 1302 3660 egregia

134 3679 236 3730 virtute
256 3681 361 3735 effecta.
594 3692 596 3696 ’

203 3769 246 3817 54.
283 3768 410 3818 Caesaris
428 3773 455 3819 et
473 3766 585 3817 Catonis
603 3764 714 3830 ingenia
732 3768 814 3829 atque
830 3778 919 3814 mores
936 3764 1006 3815 inter
1024 3779 1053 3814 se
1072 3766 1230 3829 comparati.

205 3952 248 4002 55.
284 3951 325 4001 De
344 3948 494 4001 coniuratis
510 3950 537 3999 in
554 3951 679 4002 Tulliano
698 3949 859 4017 supplicium
876 3948 1001 4000 sumitur.

204 4037 247 4088 56.
284 4035 404 4086 Catilina
421 4035 514 4099 copias
531 4051 612 4101 quam
634 4040 726 4101 potest
742 4035 874 4086 maximas
892 4039 982 4099 parat.

202 4124 245 4173 57.
281 4123 361 4188 Fuga
382 4123 411 4172 in
428 4119 544 4172 Galliam
569 4139 586 4173 a
603 4121 714 4173 Metello
732 4121 825 4172 Celere
846 4120 1013 4186 prohibitus,
1037 4120 1157 4170 instante
1181 4135 1198 4170 a
1222 4123 1299 4186 tergo

133 4207 266 4272 Antonio,
286 4224 405 4274 pugnam
423 4207 451 4256 in
469 4222 534 4274 agro
551 4207 714 4260 Pistoriensi
731 4208 822 4258 iacere
839 4207 947 4258 statuit.

203 4292 247 4348 58.
282 4293 349 4345 Eius
371 4294 458 4345 oratio
476 4290 513 4342 ad
531 4291 641 4344 milites.
675 4293 821 4344 Maximam
840 4305 929 4342 rerum
947 4291 1152 4355 necessitatem,
1171 4305 1225 4356 qua
1241 4305 1300 4355 pre·
