3070 4852
250 278 309 336 tac
657 291 686 338 e.
711 291 880 340 sunnusm
904 293 1016 340 curem

245 461 306 502 rum
329 443 461 520 iutidum,
487 446 604 522 ingenio
627 446 742 524 mobili,
772 466 911 508 novarum
940 468 1035 510 rerum
1059 449 1171 510 avidum
1194 467 1277 508 esse.
1329 451 1467 529 ltaquet

246 554 362 630 legatos
391 554 476 614 alium
505 555 541 615 ab
565 556 623 616 alio
660 559 796 620 divorsos
823 560 1010 638 aggreditur,
1046 579 1082 621 ac
1116 560 1252 639 paulatim
1287 562 1446 622 tentando

246 672 399 745 postquam
419 675 602 744 opportunos
624 667 678 727 sibi
701 671 858 747 cognovit,
879 671 966 730 multa
988 671 1157 750 pollicendo
1179 671 1372 749 persuadet,
1407 673 1445 730 uti

245 773 410 852 lugurtluam
438 794 569 837 maxume
596 780 708 857 vivum,
741 782 785 840 siu
810 782 838 841 id
870 799 971 860 parum
1002 783 1161 860 procedat,
1197 790 1354 852 necatum,
1385 781 1443 842 sibi

245 886 407 954 traderent;
438 896 565 948 ceterum
587 889 696 966 palam,
725 909 800 969 quae
829 909 867 951 ex
890 891 1038 952 voluntate
1061 893 1158 952 iurent
1183 893 1264 968 regi,
1300 893 1441 952 nuntiari

245 995 332 1056 iubet.
376 995 489 1056 Deinde
512 999 576 1076 ipse
605 1000 706 1078 paucis
732 999 834 1061 diebus
860 981 969 1064 intento
991 988 1078 1080 atque
1101 1002 1206 1062 infesto
1231 1003 1382 1062 exercitu
1410 1004 1461 1060 int

244 1109 404 1170 Numidiam
427 1109 576 1187 procedit,
599 1110 646 1169 ubi
671 1120 770 1170 contra
792 1111 862 1173 belli
887 1113 991 1174 taciem
1015 1113 1128 1189 tuguria
1150 1111 1236 1192 plepa
1261 1110 1436 1185 homiuum,

246 1239 355 1300 pecora
380 1219 568 1298 cultoresque
598 1221 625 1278 in
647 1222 727 1298 agris
750 1232 846 1292 erant;
877 1242 915 1282 ex
942 1223 1060 1302 oppidis
1089 1230 1118 1280 et
1139 1220 1309 1298 mapalibus
1340 1240 1433 1300 prae·

244 1330 314 1390 lecti
336 1329 417 1406 regis
448 1328 526 1389 obvii
555 1330 772 1410 procedebam,
802 1335 893 1411 parati
915 1312 1087 1392 trumentum
1108 1331 1193 1408 dare,
1224 1340 1432 1390 commeatum

246 1449 377 1518 portare,
405 1447 554 1517 postremo
578 1443 690 1519 omnia,
719 1461 793 1520 quae
822 1444 1047 1522 imperarentur,
1076 1443 1186 1502 lacere.
1229 1439 1343 1518 Neque
1367 1440 1455 1500 lile-t

244 1549 332 1610 tellus
362 1549 471 1609 iccirco
502 1551 609 1628 minus,
643 1551 695 1610 sed
726 1553 835 1631 pariter
868 1571 903 1613 ac
933 1556 957 1613 si
986 1553 1088 1612 hostes
1121 1553 1274 1627 adessent,
1311 1552 1430 1609 munito

245 1661 360 1736 agmine
380 1653 533 1738 incedere,
562 1660 619 1720 late
642 1663 800 1741 explorare
824 1665 934 1741 omnia,
964 1664 1014 1724 illa
1036 1662 1190 1727 deditionis
1213 1662 1301 1736 signa
1323 1669 1431 1720 osten·

244 1772 284 1830 tui
314 1770 452 1849 credere,
481 1779 509 1840 et
534 1769 644 1830 insidiis
672 1771 766 1832 locum
792 1776 905 1834 tentari.
956 1773 1057 1853 ltaque
1086 1776 1150 1852 ipse
1179 1791 1244 1831 cum
1269 1772 1453 1850 expeditist

245 1881 430 1959 cohortibus,
454 1885 521 1942 item
542 1883 715 1942 funditorum
736 1893 764 1943 et
786 1886 999 1961 sagittariorum
1019 1885 1133 1944 delecta
1154 1884 1342 1961 manuapud
1366 1885 1428 1962 pri·

199 2051 204 2056 .
244 2011 307 2054 mos
333 2004 412 2069 erat,
443 1994 471 2052 in
504 2003 653 2072 postremo
675 1993 709 2054 C.
732 1994 840 2054 Marius
867 1995 983 2073 legatus
1013 2013 1076 2054 cum
1106 1992 1252 2073 equitibus
1282 1993 1426 2070 curabat,

242 2107 271 2162 in
294 2114 444 2182 utrumque
465 2105 540 2164 latus
563 2104 730 2164 auxiliarios
752 2085 866 2182 equites
888 2105 1009 2165 tribunis
1031 2106 1179 2182 legionum
1201 2112 1230 2162 et
1253 2103 1426 2181 praefectis
1485 2133 1486 2150 1

244 2215 404 2276 cohortium
425 2213 645 2291 dispertiverat,
670 2223 699 2274 ut
719 2233 781 2274 cum
804 2215 847 2273 bis
868 2215 1002 2294 permixti
1021 2214 1144 2292 velites,
1168 2231 1351 2292 quocunque
1374 2233 1424 2274 ac-

244 2323 382 2383 cederent
404 2325 549 2402 equitatus
570 2325 710 2403 hostium,
740 2326 955 2404 propulsarent.
1006 2326 1078 2386 Nam
1105 2327 1133 2385 in
1159 2323 1296 2401 lugurtlua
1322 2332 1445 2386 tantuss

278 2516 303 2562 4.
333 2513 407 2562 alium
429 2511 461 2560 at
489 2514 540 2562 alic
561 2510 685 2578 divorsos]
719 2529 745 2564 v.
771 2512 806 2562 ad
883 2522 1037 2564 cominantium
1063 2511 1182 2578 portare]
1216 2527 1255 2561 sc.
1284 2510 1422 2561 iumentis

245 2590 305 2640 Cat.
324 2587 366 2651 20,
386 2591 411 2642 5.
847 2590 1023 2655 praebendis,
1043 2608 1095 2656 quo
1111 2593 1248 2642 Romanos
1264 2588 1365 2638 labore
1384 2587 1421 2638 le-

274 2675 396 2737 paulatim
420 2673 548 2740 tentando]
585 2677 663 2727 Haec
690 2693 750 2727 cnm
776 2677 805 2726 vi
847 2673 952 2719 vatent·

241 2762 372 2818 postquam
400 2753 554 2819 particulae
587 2755 738 2819 praemissa
768 2757 804 2806 ad
882 2764 907 2815 6,
933 2767 1042 2816 ostentui
1064 2761 1180 2828 credere]
1207 2763 1227 2813 i.
1251 2777 1276 2813 e.
1301 2762 1419 2812 credere
1481 2775 1483 2788 ¹

242 2833 355 2898 cognouit
372 2833 506 2897 pertinere
525 2847 567 2882 res
591 2833 651 2898 ipsa
672 2833 804 2896 ostendit;
847 2847 954 2894 ostentm·
977 2860 1047 2904 em,
1074 2845 1132 2893 ,ive
1152 2857 1202 2905 pro
1225 2841 1354 2890 smmis
1371 2839 1419 2888 pa.

241 2911 359 2964 tentatio
378 2912 448 2962 enim
466 2912 648 2978 cognoscendi
666 2917 707 2963 est
723 2915 778 2968 ria.
847 2919 916 2970 dere.

276 2997 326 3065 ⁶5⁷²]
346 3016 373 3051 V·
392 2999 428 3050 “d
446 3001 507 3064 1¹¹3·
526 2997 569 3061 35,
590 3001 615 3048 4·
881 3013 989 3080 insidiis]
1010 3017 1072 3066 Non
1082 3019 1124 3065 est
1138 3013 1257 3074 dativus,
1273 3011 1323 3061 sed
1339 3012 1417 3062 abla—
1481 3013 1482 3030 ³

275 3079 399 3140 Pmoedal
418 3106 454 3115 ···
476 3074 619 3141 tradendi]
644 3092 670 3126 V·
689 3075 724 3126 “d
742 3075 804 3128 cat.
846 3095 934 3157 tirus,
958 3094 1028 3144 unde
1049 3108 1143 3144 sensus
1161 3092 1205 3142 hie
1223 3091 1330 3155 prodit:
1356 3107 1415 3141 ere·

245 3157 293 3218 32,
313 3157 337 3204 2·
848 3171 930 3221 debat
947 3171 1060 3221 insidias
1078 3172 1107 3220 in
1121 3170 1167 3220 illo
1184 3169 1245 3219 loco
1263 3172 1400 3220 structas.

276 3239 370 3304 patant]
397 3241 439 3289 De
457 3238 538 3288 simili
556 3237 670 3288 consilio
689 3239 724 3290 et.
744 3240 804 3306 Ing.
882 3268 907 3317 7·
926 3263 1063 3330 medin-3]
1090 3267 1109 3320 i·
1130 3283 1154 3320 e.
1178 3281 1249 3332 quae
1271 3264 1342 3314 nihil
1366 3266 1414 3314 im·

243 3319 291 3380 29,
311 3319 337 3368 5·
845 3345 1059 3410 pedimentorum
1076 3361 1168 3398 secum
1182 3345 1331 3396 habebant.

277 3418 342 3468 quoe
359 3417 394 3451 ea¹
410 3403 535 3452 uoluntate
550 3403 639 3465 forent
652 3400 718 3467 regi]
739 3404 756 3452 i.
770 3419 804 3467 e.,
881 3439 999 3506 curabat]
1019 3457 1045 3490 v·
1066 3439 1101 3490 ad
1118 3441 1179 3491 Cat·
1198 3437 1241 3501 59,
1260 3438 1285 3489 3,

179 3467 183 3474 ⁵
245 3482 268 3530 si
286 3495 343 3530 rem
361 3483 484 3542 spectas:
509 3494 578 3542 quae
596 3480 667 3543 regi,
685 3481 714 3530 id
731 3482 803 3545 quod
1404 3536 1410 3546 Ι

241 3558 288 3608 1110
306 3555 422 3606 maxim,
442 3555 582 3619 cupiebat,
603 3572 675 3620 spem
694 3559 805 3623 praebe,
878 3537 1019 3600 praesectis
1042 3532 1186 3614 cohortium]
1221 3532 1342 3584 Coltortes
1365 3535 1411 3584 ubi
1478 3589 1479 3596 ἵ

846 3613 1035 3663 discernuntur
1050 3628 1067 3661 a
1080 3612 1229 3677 legionibus,
1248 3625 1356 3674 semper
1368 3627 1409 3660 so-

242 3641 303 3689 rent
327 3634 473 3685 deditionis
496 3638 577 3700 atque
602 3637 691 3700 pacis3
721 3637 756 3687 ci,
780 3653 803 3688 e.
864 3693 869 3703 Ι
949 3691 955 3702 ,
1026 3690 1031 3702 ι
1269 3688 1275 3698 Ι

241 3716 285 3778 47,
303 3716 330 3766 4,
845 3688 1412 3753 ctcmtmuntcllrgendaesnnt,qu1ppequ0.
1477 3753 1478 3758 1

846 3785 904 3818 rum
916 3768 1011 3832 copiae
1025 3783 1080 3816 non
1095 3768 1124 3816 in
1136 3766 1272 3832 legiones,
1285 3765 1334 3814 sed
1347 3770 1407 3816 tau-

841 3845 982 3904 tummodo
993 3845 1021 3893 in
1034 3843 1157 3894 cohortes
1166 3847 1406 3908 componerentur,

845 3923 880 3978 ef,
893 3922 952 3986 lug.
965 3921 1007 3983 99,
1020 3921 1043 3970 1.
1058 3921 1110 3983 Qui
1120 3922 1153 3971 iis
1163 3924 1317 3987 praeerant,
1327 3936 1407 3983 prae-

277 3804 302 3854 5.
327 3798 429 3864 infesto]
464 3800 482 3849 i.
502 3815 527 3850 e.
549 3799 584 3849 ad
611 3800 740 3864 impetum
764 3798 804 3848 fo·

242 3880 368 3933 ciendum
386 3882 498 3942 parat03
518 3877 554 3930 el.
575 3877 637 3928 cst.
657 3875 700 3940 60,
719 3880 743 3928 2.

274 3966 365 4030 parati
381 3960 508 4028 --dcre]
539 3965 654 4014 Paratus
674 3963 721 4012 ubi
743 3977 803 4012 eum

241 4044 376 4094 infinitivo
387 4041 564 4103 construitur,
580 4041 636 4090 vim
644 4039 728 4089 habet
743 4053 804 4103 par.
842 4003 906 4066 sedi
919 4001 1086 4052 dicebantur,
1476 4049 1477 4095 q

238 4121 326 4185 ticipii
340 4117 459 4170 eiusdem
474 4131 580 4179 seusus,
599 4117 671 4182 quod
682 4115 803 4181 legitime
879 4092 1032 4160 dumique]
1053 4095 1071 4145 i·
1086 4109 1109 4183 ⁰:
1128 4093 1163 4143 “d
1178 4107 1353 4158 q¹1⁰⁵⁰¹¹¹¹q1¹⁰
1369 4096 1405 4158 (V-

240 4199 318 4248 intin.
338 4197 463 4258 asciscit,
487 4195 562 4245 velut
578 4198 662 4246 nolens
679 4197 735 4246 sive
753 4211 802 4245 non
844 4174 880 4222 “d
899 4173 959 4224 cat·
977 4171 1003 4235 3,
1022 4170 1069 4237 3.),
1088 4187 1145 4222 ΝΘ
1165 4170 1200 4220 ³¹¹
1217 4185 1407 4238 quameunque

240 4287 376 4328 remnan35
398 4273 434 4321 cs,
455 4272 516 4321 cat,
536 4273 582 4333 20,
610 4273 650 4322 17,
674 4273 733 4336 Ing.
758 4272 801 4333 49,
842 4251 959 4315 agminis
977 4250 1081 4300 romani
1098 4254 1211 4314 partem.

242 4346 268 4397 3.
290 4347 348 4407 108,
370 4350 395 4394 2.
878 4344 1010 4409 equitatus]
1046 4344 1144 4394 Rarior
1170 4341 1281 4406 pluralis
1310 4350 1406 4396 tarinae

1472 4593 1474 4658 l

1472 4743 1473 4799 l
