3024 4852
537 322 731 370 rucuarnn.
761 322 861 372 o.1v.
1227 311 1287 372 127

114 479 169 540 bus
189 497 321 541 maxuma
351 479 489 540 industria
519 480 634 540 videtur
655 480 781 540 salutare
809 478 927 559 plebem
952 489 980 539 et
1004 479 1146 540 conviviis
1166 479 1288 557 gratiam

86 603 269 669 equaerere.
314 591 370 665 Qui
399 590 423 648 si
445 592 663 670 reputaverint,
693 597 736 666 et,
765 589 868 668 quibus
900 609 959 668 ego
992 588 1172 670 temporibus
1199 587 1288 665 magi·

115 710 223 760 stratus
243 700 367 780 adeptus
385 719 462 777 sum,
487 702 590 780 quales
611 703 665 761 viri
683 699 758 760 idem
779 702 896 780 assequi
917 701 1113 780 nequiverint,
1137 709 1167 760 et
1185 708 1289 780 postea

116 829 191 889 quae
220 829 331 887 genera
353 809 498 870 bominum
521 813 548 870 in
576 819 706 872 senatum
733 811 935 889 pervenerint,
973 812 1108 890 proiecto
1135 813 1289 872 existuma-

115 918 185 980 bunt
206 939 252 980 me
272 922 365 998 magis
391 922 495 980 merito
519 939 603 999 quam
630 921 747 996 ignavia
772 919 907 980 iudicium
931 922 1015 981 animi
1042 923 1097 981 mei
1120 921 1288 996 mutavisse,

114 1017 266 1109 maiusque
291 1032 472 1092 commodum
496 1033 616 1091 exotio
642 1047 708 1088 meo
731 1047 816 1106 qnam
840 1049 877 1089 ex
900 1030 1020 1090 aliorum
1044 1031 1173 1109 negotiis
1193 1030 1288 1108 reipu-

88 1139 213 1200 5blicae
236 1150 397 1201 venturum.
442 1141 515 1202 Nam
538 1157 630 1218 saepe
653 1156 711 1214 ego
736 1138 832 1198 audivi
859 1140 895 1214 Q.
916 1141 1094 1219 Maxumum,
1124 1142 1156 1201 P.
1179 1140 1291 1219 Scipio·

115 1269 197 1327 nem,
230 1257 387 1328 praeterea
411 1252 534 1312 civitatis
553 1258 670 1309 nostrae
693 1247 866 1326 praeclaros
888 1250 969 1311 viros
992 1252 1096 1312 solitos
1118 1253 1157 1312 ita
1179 1250 1290 1324 dicere,

117 1376 203 1436 quum
230 1360 370 1420 maiorum
399 1362 541 1439 imagines
566 1361 761 1435 intuerentur,
791 1358 1054 1422 vehementissume
1083 1361 1138 1423 sibi
1167 1361 1291 1420 animum

92 1468 157 1526 ead
179 1469 314 1530 virtutem
337 1471 472 1541 accendi;
496 1471 610 1532 scilicet
628 1487 686 1529 non
711 1487 807 1528 ceram
830 1470 908 1530 illam
928 1491 1024 1552 neque
1045 1474 1165 1550 liguram
1184 1479 1291 1530 tantam

118 1578 175 1637 vim
203 1578 232 1638 in
258 1599 330 1647 sese
355 1581 480 1660 habere,
511 1581 563 1642 sed
591 1580 729 1641 memoria
758 1599 854 1640 rerum
882 1592 1030 1660 gestarum
1059 1603 1124 1644 earn
1150 1583 1291 1642 flammam

118 1779 191 1830 rum,
219 1765 291 1829 quod
310 1766 428 1820 Caesare
451 1769 594 1820 interfecto
613 1768 684 1817 indi·
762 1770 787 1819 5.
820 1768 851 1830 Q.
870 1768 1029 1835 Mancinum]
1058 1767 1235 1834 Significatur
1258 1765 1290 1827 Q.

118 1840 241 1903 guissimi
265 1843 386 1896 homines
414 1850 554 1897 senatores
577 1845 683 1896 fierent.
726 1847 829 1896 Fabius
859 1846 994 1896 Maximus
1027 1847 1211 1907 Verrucosus,
1246 1843 1293 1908 qui

118 1917 207 1980 Igitur
221 1924 251 1968 ut
269 1922 318 1970 duo
339 1930 466 1984 tempora,
486 1925 527 1974 ita
540 1924 623 1974 etiam
636 1925 685 1974 duo
728 1924 846 1973 dictator
864 1922 935 1972 bello
957 1925 1060 1974 Punico
1084 1923 1203 1974 secundo
1229 1935 1293 1972 cun·

20 2009 24 2014 ’
118 1997 237 2046 bominum
251 2013 349 2062 genera
367 2001 420 2051 sibi
434 2009 618 2068 opponuntur.
731 2001 832 2050 ctando
848 1999 968 2050 restituit
985 2016 1051 2051 rem.

158 2097 222 2145 quac
233 2098 330 2147 genera
342 2084 470 2151 bominum]
490 2086 687 2152 Intelliguntur
765 2088 796 2136 P.
811 2085 961 2152 Scipionem]
978 2085 1076 2136 Utrum
1084 2084 1116 2137 P.
1126 2081 1293 2149 ScipioAfri-

120 2157 156 2220 ii,
175 2175 241 2224 quos
254 2161 389 2212 Antonius
406 2179 439 2212 ex
451 2164 604 2215 adulterato
619 2164 686 2226 an—
729 2181 812 2215 canus
831 2165 917 2214 maior
941 2180 978 2215 an
996 2167 1082 2216 minor
1098 2161 1291 2228 intelligendus

120 2236 189 2286 saris
214 2241 379 2290 testamento
402 2241 432 2290 in
454 2247 579 2292 senatum
603 2241 684 2307 legit,
729 2243 779 2305 sit,
792 2241 962 2306 ambiguum:
981 2243 1014 2294 de
1027 2242 1074 2292 illo
1086 2247 1118 2292 ut
1131 2241 1291 2306 cogitemus,

122 2314 159 2364 cf.
180 2314 291 2366 Sueten.
311 2317 381 2383 Aug.
406 2335 431 2369 c.
454 2319 498 2372 35.
526 2321 612 2370 Erant
636 2318 686 2383 (ac.
730 2320 826 2370 suadet
849 2321 917 2383 hoe,
942 2321 1094 2386 quodcum
1120 2321 1153 2383 Q.
1172 2319 1291 2369 Maximo

124 2393 270 2456 senatores)
294 2411 372 2458 artper
393 2399 460 2457 rade,
484 2406 509 2448 et
531 2399 630 2464 quidam
651 2398 687 2444 in·
729 2402 850 2465 tempore
866 2399 1027 2450 coniunctus
1040 2400 1107 2460 fuit3
1123 2398 1194 2448 buno
1210 2397 1293 2463 signi-

122 2473 275 2536 dignisaimi,
297 2481 321 2523 et
335 2482 396 2536 post
410 2490 492 2524 necem
507 2477 628 2527 Caesaris
639 2489 689 2538 per
730 2477 807 2526 liceri
825 2477 901 2526 dicas
921 2492 967 2540 eo,
984 2477 1056 2543 quod
1071 2479 1158 2528 maior
1172 2477 1197 2526 ei
1213 2476 1293 2539 copia

119 2552 227 2612 pretinm
246 2559 272 2600 et
285 2554 423 2614 precarium
442 2556 544 2617 allecti,
565 2569 626 2620 quoa
644 2570 685 2605 or·
732 2554 787 2604 fuit
804 2554 937 2604 maiorum
951 2555 1039 2620 glorie.
1052 2555 1198 2622 gaudendi,
1211 2568 1293 2620 quam

123 2630 191 2678 cinos
208 2631 296 2693 culpus
313 2631 429 2680 uocabat.
729 2631 770 2680 illi
789 2631 931 2694 superiori.

156 2714 254 2781 merito]
275 2717 294 2767 i.
308 2732 333 2768 e.
351 2697 424 2766 iusta
438 2716 471 2767 de
486 2733 595 2781 caussa,
615 2717 685 2778 iure,

122 2792 159 2844 ei.
177 2793 252 2845 Hist.
270 2795 315 2844 Fr.
336 2795 365 2858 I,
387 2795 428 2846 13.

157 2870 360 2935 iudiciumonimi]
372 2871 532 2922 Germanice
540 2875 581 2920 est
589 2871 688 2921 Grend-

122 2948 207 3002 sd‘tze:
225 2947 263 2997 cs.
282 2947 340 2997 Cic.
358 2946 391 2996 de
412 2947 490 2997 Oret.
508 2947 561 3008 III,
582 2947 623 3010 16,
642 2945 686 2997 59.

122 3025 224 3074 quenti
239 3032 305 3084 aunt,
325 3027 368 3089 qni
384 3043 455 3090 quum
473 3043 489 3076 α
505 3030 609 3090 negotiis
623 3029 688 3076 ani·

124 3105 162 3153 mi
173 3104 279 3166 quodem
294 3104 417 3154 indicio
432 3104 607 3166 abborrerent,
623 3105 689 3156 banc

125 3179 225 3229 dicendi
257 3183 462 3230 emercitetionem
494 3190 686 3235 contemnerent.

125 3254 169 3305 Id.
187 3254 254 3307 ibid.
273 3256 315 3318 II,
333 3255 362 3317 3,
385 3255 424 3306 10.
639 3255 640 3258 ’

160 3355 195 3390 ecc
210 3342 259 3390 otio
270 3338 335 3405 meo]
353 3341 371 3391 i.
392 3356 467 3401 aex
483 3342 574 3393 studio
592 3357 689 3393 memo·

124 3419 181 3469 riae
208 3434 296 3470 rerum
323 3424 476 3485 gestarum,
500 3423 543 3473 cui
562 3425 617 3474 iam
641 3439 689 3488 per

124 3497 209 3548 otium
227 3513 326 3549 vocare
345 3497 420 3549 licet.

161 3599 196 3634 erc
219 3585 324 3635 eliorwn
346 3581 463 3650 negotiis]
481 3584 605 3650 'Nepotis
625 3586 689 3634 sunt

125 3661 291 3726 reipublicae
313 3662 529 3725 administratio,
555 3664 613 3712 aive
632 3677 688 3712 mn-

124 3753 190 3788 nera
220 3741 345 3805 publiea,
379 3742 477 3806 quippe
506 3756 575 3806 quae
601 3757 688 3806 neque

67 3856 69 3860 .
127 3832 188 3866 oum
212 3816 347 3882 dignitate
365 3819 496 3881 obtineri,
521 3833 609 3884 neque
627 3834 688 3868 cunr

125 3894 217 3942 fructu
234 3896 293 3958 geri
310 3896 427 3960 possint.

160 3977 298 4044 renarrem]
335 3981 430 4031 Venire
455 3978 531 4028 alicui
553 3977 689 4038 dicuntur,

129 4071 199 4120 quae
213 4059 239 4106 ei
248 4056 292 4106 vel
309 4057 473 4121 contingunt
492 4054 535 4104 vel
547 4054 689 4112 accidunt;

126 4133 164 4183 ef.
182 4133 241 4198 Ing.
261 4132 293 4192 8,
317 4135 343 4184 2.
370 4134 442 4183 Ultro
463 4135 473 4182 i
481 4133 521 4181 lli
542 4141 567 4182 et
582 4131 691 4195 pieriam

128 4217 152 4260 et
167 4225 269 4274 repetam
284 4218 455 4262 venturam.
487 4207 547 4267 103,
565 4209 591 4258 2.
608 4208 691 4269 Repu-

129 4287 221 4346 tondo‚
241 4303 307 4350 quoe
324 4286 386 4336 sibi
401 4285 496 4336 duobus
516 4286 623 4349 proeliis
640 4299 691 4334 oe·

130 4369 255 4410 nerant

763 2717 850 2767 solitos
869 2719 906 2765 ita
921 2713 1017 2779 dicere]
1037 2730 1064 2764 v.
1082 2714 1117 2764 ad
1134 2707 1194 2763 Gai.
1208 2713 1251 2774 47,
1269 2713 1292 2762 1.

763 2801 789 2852 6.
815 2799 916 2850 Scilicet
933 2799 998 2864 eta]
1022 2801 1074 2848 His
1092 2800 1183 2850 verbis
1198 2800 1293 2846 auctor

729 2881 966 2929 commemoratam
981 2877 1095 2926 Maximi
1112 2882 1139 2926 et
1157 2875 1292 2938 Scipionis

729 2954 893 3002 sententiam
911 2952 1040 3016 illustrat,
1059 2958 1098 3016 ut,
1122 2951 1293 3018 quemadmo-

731 3031 794 3080 dum
812 3032 848 3082 ad
865 3046 943 3081 suum
957 3030 1077 3080 studium
1088 3031 1234 3095 pertineat,
1252 3029 1293 3077 in-

729 3107 878 3174 telligatur.
914 3108 1096 3158 Aecusativus
1119 3125 1144 3160 o.
1168 3107 1217 3156 inf.
1245 3121 1292 3156 au.

730 3193 786 3237 tem
803 3201 857 3235 non
875 3186 975 3251 pendet
997 3201 1031 3236 ex
1053 3187 1183 3236 scilicet
1205 3183 1292 3250 (cuius

729 3264 892 3330 particulae·
905 3269 946 3314 est
965 3280 998 3314 ea
1015 3264 1070 3327 vis,
1090 3267 1120 3313 ut
1140 3262 1167 3312 id
1186 3262 1294 3313 demon·

731 3347 812 3405 stret,
838 3343 909 3407 quod
930 3358 979 3407 per
1002 3357 1031 3392 se
1054 3342 1226 3407 perspicuum
1251 3344 1294 3391 est

733 3424 760 3471 et
777 3419 896 3470 cuiusvis
914 3419 1112 3485 intelligentiae
1128 3423 1214 3485 patet,
1234 3436 1294 3486 ger·

731 3499 835 3549 manice
847 3495 1000 3562 retundet),-
1014 3499 1240 3563 sedrepetendus
1253 3503 1294 3549 est

731 3593 764 3628 ex
788 3575 1014 3642 praecedentibus
1033 3577 1124 3626 verbis
1147 3579 1236 3628 solitos
1255 3578 1294 3626 di-

731 3668 797 3712 cere,
818 3669 851 3702 ex
870 3654 968 3718 quibus
985 3653 1037 3703 hoc
1051 3652 1168 3703 elicias»
1179 3653 1292 3717 scilicet,

731 3745 813 3796 quum
824 3730 865 3779 ito
875 3730 1004 3792 dicerent,
1016 3729 1068 3780 hoc
1078 3730 1226 3780 censebant
1239 3734 1292 3782 etc.

734 3865 737 3870 ,
767 3824 862 3866 tantam
875 3818 921 3865 oda
932 3817 957 3863 in
968 3830 1025 3872 sese
1039 3813 1143 3879 babere]
1163 3817 1181 3868 i.
1192 3833 1216 3867 e.
1235 3821 1295 3866 ten.

731 3899 826 3958 tepere
846 3893 922 3956 ipsos
940 3907 1117 3942 commovere.
1158 3951 1161 3957 ¹

765 3979 813 4028 aed
833 3979 949 4025 memorio
968 3973 1033 4039 ete]
1061 3977 1093 4026 In
1119 3978 1294 4028 adversativa

733 4051 839 4116 periodi
855 4053 932 4116 parte
946 4049 1091 4102 Sallustius
1110 4054 1150 4104 ita
1163 4053 1197 4103 ab
1216 4054 1294 4103 insti-

733 4134 795 4178 tuta
813 4129 936 4178 oratione
951 4128 1069 4192 deflexit,
1086 4133 1125 4192 ut,
1145 4145 1226 4194 quum
1240 4132 1295 4196 pri·

734 4221 776 4255 mo
801 4220 834 4253 ex
857 4203 969 4254 Maximi
994 4204 1182 4272 Scipionisque
1205 4213 1295 4259 mente

733 4282 861 4343 dixisset,
892 4281 922 4329 in
954 4282 1116 4334 sententium
1142 4286 1296 4349 generalem

733 4359 881 4420 transiret;
903 4358 967 4410 inde
991 4359 1109 4424 iactum,
1133 4368 1164 4414 ut
1182 4379 1231 4428 pro
1249 4365 1298 4418 sibi
