3092 4850
330 269 574 317 nrsronrnnum
597 269 824 318 resonamus.
854 270 924 317 mn.
954 269 1001 317 1v.
1030 271 1086 318 nn.
1109 265 1154 316 20.
1266 253 1327 318 323

157 425 260 505 coepi,
281 425 469 505 Marcumque
498 425 611 488 Cottam
633 429 793 488 Romanum
815 425 919 487 ducem
941 426 1018 506 apud
1042 425 1227 488 Chalcedona
1249 433 1328 486 terra

115 543 147 593 14
157 535 234 612 todi,
263 539 332 598 inuri
364 538 430 597 exui
462 537 559 598 classe
588 537 802 616 pulcherruma.
845 537 933 616 Apud
962 535 1100 612 Cyzicum
1128 553 1235 615 magno
1263 553 1327 596 oum

24 622 26 626 ’
157 647 288 706 exercitu
315 648 344 706 in
367 646 481 707 obsidio
507 650 629 708 moranti
657 648 829 709 frumentum
860 647 966 726 defuit,
999 648 1079 707 nullo
1110 646 1219 707 circum
1249 645 1328 708 mini·

155 763 250 826 tente;
280 757 362 817 simul
392 757 485 818 hiems
514 760 585 820 mari
614 757 798 838 prohibebat.
843 757 885 819 lta
910 762 971 818 sine
998 758 1026 817 vi
1056 757 1180 817 hostium
1210 758 1329 835 regredi

156 875 278 926 conatus
304 869 332 926 in
361 869 482 947 patrium
512 888 635 947 reguum
662 868 820 946 naufragiis
850 867 926 947 apud
955 867 1069 928 Parium
1100 876 1129 926 ct
1154 867 1328 929 Heracleam

20 1039 21 1046 ¹
114 977 272 1038 15militum
297 987 434 1057 optumos
462 999 527 1040 oum
550 979 693 1040 classibus
721 980 813 1040 amisi.
857 979 1002 1040 Restituto
1033 977 1138 1038 deinde
1168 978 1244 1058 apud
1273 978 1326 1040 Ga·

154 1086 216 1148 hira
240 1088 387 1168 exercitu,
407 1099 437 1150 ct
457 1092 546 1150 uariis
568 1092 643 1150 inter
663 1099 814 1169 meatque
837 1060 985 1150 Lucullum
1007 1088 1128 1169 proeliis
1148 1088 1246 1168 inopia
1266 1108 1327 1150 rur·

155 1216 204 1258 sus
223 1199 324 1260 ambos
342 1201 472 1260 incessit.
506 1199 552 1260 llli
571 1199 689 1260 suberat
710 1217 832 1277 reguum
850 1197 1059 1259 Ariobarzanis
1077 1198 1157 1258 bello
1180 1201 1326 1278 intactum,

155 1324 213 1384 ego
238 1309 329 1368 uastis
353 1310 461 1369 circum
493 1309 629 1371 omnibus
654 1309 729 1369 locis
751 1311 780 1368 in
803 1309 968 1369 Armeniam
997 1309 1147 1379 concessi;
1174 1311 1326 1390 secutique

153 1416 277 1477 Romani
300 1435 358 1479 non
379 1437 442 1497 me,
473 1421 525 1480 sed
546 1439 656 1483 morem
682 1439 763 1480 suum
790 1420 883 1480 omnia
907 1437 999 1497 regna
1028 1419 1234 1498 subvortundi‚
1260 1422 1326 1500 quia

154 1527 361 1590 multitudinem
388 1532 459 1590 artis
487 1531 563 1592 locis
590 1547 687 1611 pugna
718 1529 913 1610 prohibuere,
944 1530 1162 1608 imprudentiam
1193 1530 1327 1609 Tigranis

114 1654 210 1716 repro
234 1639 357 1700 victoria
391 1650 546 1702 ostentant.
591 1641 675 1700 Nunc
709 1657 820 1719 quaeso
853 1640 1023 1718 considera,
1057 1641 1143 1701 nobis
1172 1641 1327 1721 oppressis

154 1757 247 1807 utrum
270 1750 426 1812 firmiorem
452 1761 481 1812 te
512 1751 548 1812 ad
570 1750 779 1828 resistendum,
805 1769 841 1810 an
869 1752 954 1811 linem
977 1750 1047 1811 belli
1070 1751 1193 1812 futurum
1218 1747 1326 1830 putes?
1425 1801 1428 1806 .

97 1839 100 1846 ¹
155 1856 223 1916 Scio
247 1861 381 1937 equidem
404 1861 454 1921 tibi
480 1880 600 1940 magnas
623 1879 698 1940 opes
719 1861 857 1938 virorum,
880 1877 1023 1922 armorum
1046 1870 1075 1922 et
1094 1863 1156 1922 auri
1180 1881 1261 1940 esse,
1283 1894 1327 1908 —

154 1975 184 2026 et
209 1985 244 2026 ea
267 1987 299 2028 re
329 1989 344 2030 a
372 1971 457 2031 nobis
478 1972 514 2032 ad
538 1975 726 2047 societatem,
758 1969 793 2030 ab
824 1969 882 2029 illis
910 1971 946 2030 ad
971 1972 1109 2051 praedam
1138 1973 1262 2052 peteris;
1283 2007 1327 2020 —·

155 2084 284 2137 ceterum
309 2082 460 2142 consilium
484 2091 543 2161 est,
573 2081 707 2159 Tigranis
728 2097 822 2157 regno
845 2081 976 2160 integro,
1002 2084 1075 2148 meis
1099 2083 1236 2143 militibus
1255 2082 1326 2143 belli

186 2269 269 2327 pretio
286 2295 319 2321 ς-
336 2268 484 2336 prolatare]
507 2271 524 2319 i.
552 2285 575 2322 e.
601 2269 641 2318 ita
664 2267 717 2317 iam
796 2269 821 2330 ἕ.
841 2267 883 2318 15.
900 2271 1148 2338 uariis-proeliis]
1166 2271 1184 2322 i.
1203 2287 1226 2324 e.
1245 2271 1325 2320 modo

155 2356 188 2390 ex
206 2343 334 2396 Romanis
353 2347 488 2411 pendens,
507 2351 537 2398 ut
552 2347 640 2412 pretio
658 2350 718 2396 tan·
761 2361 816 2408 mc,
835 2346 915 2397 modo
926 2348 1040 2400 Lucullo
1049 2351 1191 2412 vincente;
1212 2350 1247 2400 ci.
1264 2350 1323 2415 lug.

153 2424 210 2468 tum
239 2428 387 2488 mercetur,
422 2441 456 2476 ne
483 2427 512 2476 vi
545 2441 604 2476 eum
634 2441 718 2491 regno
760 2424 829 2487 5,1.

156 2503 263 2549 exuant.
795 2503 875 2551 secuti
889 2532 925 2540 —
942 2517 991 2553 non
1007 2519 1058 2566 me,
1077 2503 1229 2554 sedatorem
1243 2499 1323 2568 sacrun]

189 2577 326 2639 inpugnati
342 2579 417 2626 semel
433 2576 491 2644 ianr]
517 2593 555 2628 sc.
581 2576 718 2640 ab'llnto-
760 2576 839 2642 Sequi
862 2579 897 2628 ad
922 2597 959 2630 me
980 2580 1095 2630 relatum
1119 2580 1194 2630 valet
1219 2583 1326 2645 insequi,

153 2652 216 2712 nio;
235 2651 270 2701 cf.
289 2653 335 2702 Fr.
353 2654 407 2717 111,
426 2655 537 2706 59-66.
762 2655 798 2704 ad
810 2671 900 2706 rnorem
914 2673 983 2706 cuum
998 2658 1132 2708 translato
1148 2674 1229 2708 sensu
1242 2659 1326 2722 signi·

189 2741 213 2799 ξ.
237 2735 275 2785 13.
295 2739 396 2788 interna
414 2739 489 2803 mala]
509 2737 719 2803 Intelligendum
761 2731 827 2781 ficut
856 2736 1049 2785 retinentem
1079 2751 1150 2785 ease
1178 2737 1261 2784 neoris.
1288 2735 1324 2786 cf.

153 2814 253 2865 bellum
286 2816 365 2868 civile
389 2817 479 2869 Sullae
509 2824 590 2884 atquc
619 2817 719 2866 Maria·
760 2809 821 2873 lug·
841 2810 891 2870 54,
912 2811 936 2858 2·
956 2810 1080 2876 Iugurtha
1094 2813 1147 2862 att
1160 2815 1267 2876 {lentium
1282 2819 1327 2861 aul

155 2910 259 2944 norum.
649 2933 652 2938 .
760 2887 834 2951 quid
850 2887 1010 2950 agitaret,
1032 2888 1326 2954 Metellusemplorutum

190 2968 326 3036 abnuente]
355 2971 540 3037 supplendum
565 2975 649 3036 initio,
674 2972 718 3022 cui
759 2966 835 3014 mitil-

101 3045 118 3116 '¹
155 3051 183 3100 in
199 3049 316 3101 relativo
329 3052 473 3103 enunciata
485 3052 632 3118 respondet
645 3067 717 3112 nune,
798 3037 984 3104 multitudinem]
1006 3055 1044 3090 ⁸0·
1070 3056 1190 3092 mimum
1208 3041 1323 3095 millium

76 3181 83 3194 .
155 3127 227 3193 quod
256 3129 283 3177 in
310 3133 449 3193 praesenti
480 3134 602 3196 tempore
625 3131 719 3194 probat
795 3129 861 3177 artis
880 3127 941 3176 locis
956 3127 1053 3194 peyna]
1079 3128 1163 3178 v.·ad
1182 3129 1255 3179 Hist.
1275 3130 1323 3182 Fr.

154 3205 232 3254 verbi
248 3206 328 3256 inest.
758 3206 811 3269 111,
831 3204 873 3267 81,
893 3203 936 3254 26.

189 3291 314 3358 obitualis]
335 3309 362 3342 v.
381 3307 463 3356 supra
481 3293 516 3342 ad
534 3296 558 3357 §-
576 3296 602 3342 4.
793 3292 981 3356 imprudentiam
992 3317 1024 3325 -
1036 3290 1175 3358 ostentant]
1196 3293 1220 3342 i:
1233 3308 1257 3342 e.
1275 3292 1324 3342 im·

189 3380 276 3429 bellum
298 3378 380 3445 coepi]
402 3379 435 3429 Id
457 3379 559 3430 factum
579 3397 604 3434 a.
628 3383 668 3431 ll.
689 3397 715 3434 a.
759 3370 904 3438 Pffldssssila
917 3371 1071 3434 {limantur-

155 3455 216 3505 Olrr.
236 3471 262 3504 n.
793 3464 818 3524 ξ.
843 3459 885 3510 16.
910 3466 1017 3509 ceterum
1047 3460 1174 3510 consiliam
1198 3465 1236 3508 est
1257 3455 1322 3522 cie]

188 3533 257 3596 apud
272 3529 442 3597 Chalcedona]
467 3548 493 3581 V·
517 3532 552 3582 all
571 3533 650 3600 Risi.
669 3534 715 3583 Fr·
758 3540 871 3590 Cetemem
890 3536 1054 3586 adversandi
1071 3540 1209 3601 potestate
1225 3537 1266 3587 ita
1284 3553 1324 3586 re·

152 3609 250 3673 11,59.
758 3619 844 3668 fertur
870 3617 904 3666 ad
931 3615 1137 3681 praecedentia,
1171 3619 1203 3664 ut
1226 3631 1322 3666 sensus

187 3693 212 3751 ξ.
235 3689 275 3740 tt.
295 3686 374 3749 Apud
389 3684 511 3753 Cyzicum]
529 3687 565 3736 ef.
577 3687 651 3739 Hist.
669 3690 714 3738 Fr.
758 3695 809 3744 sit:
830 3709 1011 3757 quanquam
1022 3696 1074 3742 scio
1092 3692 1137 3741 tibi
1146 3707 1251 3756 magnae
1262 3709 1323 3755 opes

153 3765 206 3828 ΙΙΙ,
227 3764 338 3816 14-36.
415 3751 422 3767 ’
758 3784 812 3818 esse
832 3767 873 3832 (ut
891 3770 1096 3824 measocietste
1112 3783 1167 3817 non
1185 3783 1265 3833 egere
1283 3770 1323 3818 vi-

189 3853 256 3900 nulto
274 3853 366 3900 ciream
391 3845 530 3912 annitente]
555 3848 574 3896 i.
599 3865 622 3901 e.
642 3848 716 3900 nullo
759 3844 870 3910 deeris),
889 3854 992 3896 tumea
1015 3846 1061 3896 tibi
1076 3845 1176 3895 consulo
1196 3845 1242 3910 (=
1260 3862 1323 3897 con.

152 3928 303 3991 sociorum,
336 3925 381 3990 qui
405 3924 507 3974 circum
531 3930 621 3986 erant,
650 3930 717 3978 atres
759 3922 921 3990 siliumcst),
939 3925 1115 3974 ntsoeietate
1132 3939 1235 3973 mecum
1253 3925 1323 3974 inita

150 4005 291 4059 intendente
310 4004 345 4053 ad
356 4017 393 4051 me
410 4001 550 4052 iuuandum.
758 3999 859 4050 bellum
877 4001 1022 4063 conficias,
1041 4001 1112 4067 quod
1124 4001 1163 4052 ita
1181 4018 1323 4068 compara-

185 4090 261 4139 ltieme
279 4090 344 4136 nari
363 4083 521 4149 prohibebat]
541 4100 579 4134 sc.
599 4084 717 4134 frumen.
759 4081 816 4128 tum
838 4083 894 4141 est,
926 4083 956 4127 ut
982 4078 1019 4143 (ei
1048 4079 1145 4130 abnuas
1168 4077 1320 4144 caetetatem)

152 4171 210 4217 tum
235 4165 339 4227 afferri3
370 4150 404 4214 ci.
429 4163 547 4228 Appiam.
570 4163 601 4212 B.
621 4161 714 4212 Mithr.
759 4157 817 4206 sine
834 4160 882 4206 tuo
899 4155 1101 4222 periculcfiniri
1112 4162 1243 4222 nequeat,
1263 4157 1321 4208 sive

152 4260 176 4294 ο,
196 4242 240 4292 76,
760 4249 810 4300 ego
830 4234 921 4297 vinco,
938 4234 997 4284 sive
1014 4234 1118 4286 vincor.

187 4323 257 4384 apud
274 4317 386 4386 Parium]
403 4319 439 4370 of.
457 4319 530 4370 Hist.
543 4321 588 4370 Fr.
603 4317 655 4382 ΙΙΙ,
671 4317 714 4372 35.
798 4317 918 4384 Tigranis
929 4333 1007 4384 regno
1018 4345 1048 4355 -
1061 4314 1182 4383 corpora]
1200 4315 1252 4366 His
1264 4329 1321 4366 uer-

1041 4401 1079 4464 21
1095 4403 1112 4440 '¹‘
