3070 4852
156 271 220 334 sto
562 276 593 325 c.
617 275 786 326 sensusne
809 273 923 322 omsru

156 449 211 504 tes.
255 437 328 500 Nam
351 453 427 514 qnae
447 435 483 496 ad
505 435 563 496 boc
584 444 698 514 tempus
715 432 881 512 Iugurtham
902 441 992 494 tutata
1013 442 1092 510 sont,
1115 432 1209 492 omnia
1231 448 1335 492 remu·
1349 437 1386 488 to

156 549 254 625 vistis,
281 547 446 622 avaritiam,
474 546 645 626 imperitiam
672 555 760 626 atque
780 543 961 624 superbiam3
991 543 1096 604 deinde
1121 543 1269 604 exercitas
1294 542 1338 604 ibi

159 667 204 720 est
225 658 359 718 locorum
379 657 491 734 sciens,
513 655 566 716 sed
587 656 755 716 mehercule
774 656 868 733 magis
891 663 1024 716 strenuus
1046 672 1131 733 quam
1153 653 1242 724 ielin;
1265 673 1381 714 nam·-

157 785 261 845 msgua
284 786 353 848 pars
381 769 444 828 eius
473 767 593 828 avaritia
615 777 663 828 aut
689 767 852 828 temeritate
875 765 979 826 ducum
1001 766 1095 825 attrita
1124 772 1177 823 est.
1223 764 1331 839 Quam·
1345 783 1383 831 47

158 875 260 940 obrem
280 894 347 955 vos,
376 877 484 956 quibus
503 877 633 938 militaris
656 885 737 936 aetas
763 887 825 955 est,
839 875 1011 936 annitimini
1033 893 1145 935 mecum
1174 883 1203 934 et
1226 889 1333 954 capes·

158 987 212 1050 site
242 987 465 1067 rempublicam
496 1005 591 1066 neque
616 1005 789 1067 quemquam
817 1005 854 1047 ex
883 985 1045 1046 calamitate
1068 985 1189 1046 aliorum
1211 994 1258 1044 aut
1280 986 1332 1045 im·
1380 1011 1383 1018 ·

159 1106 324 1178 peratorum
354 1097 491 1177 superbia
514 1106 608 1158 metus
632 1101 753 1179 ceperit.
797 1097 924 1175 Egomet
951 1097 978 1154 in
1001 1096 1131 1174 agmine,
1162 1095 1190 1153 in
1214 1096 1331 1175 proelio

159 1207 311 1268 consultor
339 1207 413 1268 idem
442 1217 471 1267 et
499 1209 597 1268 socius
621 1209 741 1288 periculi
771 1207 922 1268 uobiscum
951 1206 1055 1285 adero,
1084 1224 1189 1285 meque
1215 1223 1330 1284 vosque

159 1319 187 1376 in
211 1317 343 1379 omuibus
373 1318 462 1378 rebus
489 1320 565 1378 iuxta
593 1337 705 1396 geram.
749 1318 786 1379 Et
809 1317 943 1398 proiecto
970 1317 1015 1378 dis
1039 1316 1203 1377 iurantibus
1233 1317 1378 1382 omniane

160 1435 373 1502 mammeam,
403 1428 542 1506 uictoria,
575 1427 700 1507 praeda,
723 1428 801 1498 laus;
832 1445 906 1507 quae
928 1427 952 1486 si
973 1425 1058 1486 dubia
1083 1436 1132 1487 aut
1155 1427 1260 1507 procul
1284 1445 1330 1486 es·

160 1543 243 1610 sent,
280 1544 376 1594 tamen
402 1538 494 1596 omnis
520 1538 616 1600 bonos
639 1538 819 1618 reipublicae
850 1536 1006 1596 subvenire
1032 1535 1166 1596 decebat.
1215 1537 1330 1598 Etenim
1340 1558 1378 1607 49

159 1646 244 1704 nemo
266 1646 381 1722 ignavia
404 1647 571 1709 immortalis
594 1649 689 1710 iactus
711 1661 772 1726 est,
801 1667 897 1727 neque
920 1647 1070 1726 quisquam
1093 1665 1200 1725 parens
1219 1646 1330 1724 liberis,

160 1763 191 1816 ut
213 1757 324 1818 aeterni
347 1755 460 1833 locent,
490 1757 615 1837 optavit,
643 1761 736 1836 magis
761 1760 799 1819 uti
823 1757 891 1818 boni
913 1757 1089 1836 honestique
1120 1757 1206 1816 vitam
1228 1757 1329 1834 exige-

158 1873 231 1928 rent.
266 1841 360 1927 ‘Plura
384 1865 525 1945 dicerem,
555 1869 698 1946 Quirites,
726 1869 749 1927 si
772 1867 876 1928 timidis
903 1867 1037 1926 uirtutem
1060 1865 1150 1927 verba
1172 1866 1376 1942 adderent350

158 1994 224 2039 nam
245 1977 371 2036 strenuis
391 1976 505 2038 abunde
528 1977 634 2038 dietum
655 1987 735 2056 puto.

244 2085 401 2149 LXXXVI.
446 2086 652 2148 Huiuscemodi
675 2088 805 2148 oratione
823 2086 918 2147 habita
941 2087 1066 2165 blasius,
1090 2096 1245 2167 postquam
1267 2087 1329 2167 ple·

160 2192 205 2253 bis
232 2196 342 2255 animos
375 2205 510 2257 arrectos
543 2193 638 2272 videt,
673 2213 800 2275 propere
831 2205 1009 2275 commeatu,
1046 2197 1207 2278 stipendio,
1241 2198 1328 2258 armis

159 2303 282 2380 aliisque
310 2303 427 2364 utilibus
456 2303 538 2365 naris
567 2313 683 2373 onerat;
717 2322 780 2361 cum
801 2305 846 2364 his
869 2306 904 2370 Α.
928 2306 1064 2368 lilanlium
1085 2308 1212 2386 legatum
1240 2310 1327 2388 profi-

161 2411 232 2469 cisci
255 2411 344 2470 iubet.
387 2411 457 2490 lpse
479 2416 588 2474 interea
611 2411 718 2472 milites
745 2411 891 2489 scribere,
920 2435 978 2478 non
997 2437 1078 2480 more
1096 2419 1250 2496 maiorum,
1279 2438 1358 2502 ne-·2

160 2535 217 2596 que
240 2537 277 2578 ex
301 2519 463 2598 classibus,
488 2522 540 2583 sed
564 2523 602 2582 uti
626 2523 767 2599 cuiusque
789 2521 887 2582 lubido
912 2534 990 2602 erat,
1014 2528 1109 2604 capite
1132 2547 1241 2590 censos
1267 2530 1327 2610 ple·

158 2645 278 2708 rosque.
322 2629 354 2690 ld
373 2631 481 2690 iactum
502 2632 549 2692 alii
569 2632 665 2711 inopia
690 2630 849 2709 bonorum,
871 2632 921 2692 alii
941 2651 995 2712 per
1017 2636 1200 2699 ambitionem
1224 2658 1357 2714 consu-3

193 2814 236 2868 to.
255 2818 404 2876 avaritiam.
425 2822 573 2882 inperitiam
591 2828 667 2887 atque
682 2836 725 2870 aa·
765 2825 858 2869 taratara
877 2817 966 2868 bellam
989 2821 1011 2871 is
1029 2830 1102 2871 erat
1124 2825 1272 2889 deligendus
1289 2835 1329 2877 at·

155 2891 280 2959 perbiam]
311 2895 447 2949 Avaritiae
477 2901 578 2951 crimen
606 2898 724 2966 pertinet
765 2913 813 2962 que
837 2899 977 2947 mittendus.
1006 2900 1048 2950 Id.
1074 2899 1107 2950 de
1131 2901 1193 2954 San.
1215 2904 1260 2967 ll,
1285 2905 1328 2958 38.

158 2970 194 3020 ad
221 2970 395 3038 Calpurnium
418 2976 540 3027 Bestiam
565 2979 602 3046 (c.
624 2977 676 3039 28,
697 2979 722 3027 5.
766 2976 837 3037 Quae
860 2977 890 3024 si
917 2980 1023 3041 eccequi
1046 2979 1221 3042 nequirem,
1249 2989 1330 3034 tamen

158 3049 201 3112 29,
215 3049 265 3115 1.),
277 3055 418 3116 imperitiae
432 3055 467 3103 ad
479 3055 605 3106 Albinum
619 3055 653 3120 (e.
667 3053 722 3119 36.)
765 3069 802 3101 me
818 3055 922 3103 lectulus
940 3054 1076 3105 oblectaret
1089 3073 1156 3107 meaa
1171 3074 1202 3107 ea
1221 3061 1276 3122 ipsa
1289 3077 1330 3112 co-

159 3134 187 3177 et
203 3129 302 3180 Aulum
321 3129 356 3194 (c.
376 3131 420 3183 37.
441 3130 510 3197 38.)‚
536 3133 671 3195 superbiae
689 3132 723 3180 ad
764 3133 889 3196 pitantern.

158 3204 298 3255 Metellum
317 3206 355 3272 (c.
373 3208 424 3270 64,
445 3207 494 3272 5.).
803 3211 917 3278 decebat]
938 3213 1107 3264 ludicativus
1130 3215 1284 3280 imperfecti
1302 3220 1329 3266 in

193 3289 290 3355 ducam]
315 3293 447 3343 Consulto
464 3293 590 3358 ambigue
608 3293 727 3357 loquitur
769 3291 883 3356 epodosi
910 3306 941 3340 eo
968 3291 1080 3354 nititur,
1108 3292 1181 3356 quod
1209 3307 1269 3355 res,
1297 3309 1329 3343 ex

158 3365 278 3427 Marius,
306 3372 354 3429 ut,
388 3373 479 3422 atrum
510 3371 613 3434 priores
646 3372 724 3422 modo
768 3367 926 3418 condicione
961 3382 1106 3431 suspense,
1143 3369 1224 3418 etiem
1260 3369 1330 3420 citra

160 3443 242 3493 duces
273 3448 368 3506 notet,
405 3445 433 3494 id
466 3447 538 3512 quod
576 3463 619 3497 res
655 3453 723 3511 erat,
767 3444 954 3496 condicionem
984 3451 1011 3494 et
1037 3447 1091 3495 iem
1122 3450 1186 3496 ente
1211 3447 1329 3512 positam

160 3537 195 3571 an
213 3520 352 3571 Metellum
370 3522 450 3573 simul
468 3524 619 3590 intelligat,
638 3527 666 3576 in
684 3528 724 3578 ia·
766 3523 954 3575 condicionem
1000 3526 1108 3590 agenda
1154 3527 1329 3580 enunciatur.

160 3604 235 3652 certo
251 3599 397 3666 relinquat.
765 3599 924 3652 Germanice
950 3603 1113 3651 sententiam
1136 3604 1176 3652 sic
1195 3603 1328 3668 explices:

194 3689 237 3736 47,
266 3693 392 3752 capessite
418 3686 508 3754 remp]
542 3706 568 3744 v·
597 3691 632 3742 ad
661 3692 720 3743 cat·
763 3693 792 3728 80
807 3679 925 3743 aelfelm
942 3679 993 3728 st‘cd
1014 3680 1077 3729 doeh
1100 3681 1254 3745 liberdum,
1279 3686 1331 3734 wid

158 3765 207 3826 52,
227 3765 251 3816 5,
761 3759 866 3821 petierat
878 3755 931 3804 sict
948 3757 1012 3806 aaclu
1023 3757 1106 3820 jerat,
1126 3761 1188 3810 daos
1206 3765 1274 3823 etc.;
1293 3763 1328 3815 cf.

193 3865 229 3900 ec
243 3847 398 3914 calamitate]
418 3866 444 3902 v.
464 3849 499 3899 ad
519 3847 580 3902 Cat.
602 3848 647 3911 12,
667 3851 692 3899 2.
764 3832 854 3884 Tbssit·
875 3832 948 3881 Hm·
972 3834 999 3896 Ῑ,
1027 3834 1072 3897 16,
1097 3838 1122 3887 l·
1147 3837 1177 3887 Si
1194 3840 1330 3890 immensum

193 3943 278 3992 meque
296 3943 387 3992 „osque
405 3955 439 3964 ..
453 3924 552 3992 ypram]
572 3942 598 3978 v,
611 3924 647 3974 ad
659 3926 720 3990 lug.
763 3911 860 3973 imperii
882 3924 976 3972 corpus
1005 3921 1078 3963 stare
1104 3931 1135 3964 ac
1160 3916 1252 3966 librari
1275 3920 1329 3968 sine

159 4004 208 4066 55,
229 4004 253 4052 1,
764 3995 864 4038 rectore
880 3996 1007 4050 posset,
1024 3991 1113 4056 dipaae
1130 4007 1228 4055 erant,
1246 4011 1262 4045 a
1281 4011 1329 4062 qao

192 4079 236 4135 48.
256 4088 281 4135 si
303 4111 339 4121 —
361 4084 456 4151 essent]
481 4085 512 4136 Si
531 4085 650 4149 positum
672 4101 721 4150 pro
762 4064 907 4128 mmmm
926 4066 1058 4128 imperet·

159 4164 274 4218 atinensem
291 4163 326 4212 cf.
347 4161 405 4214 (lio.
424 4161 457 4212 de
475 4163 538 4227 imp.
556 4163 605 4212 Cn.
624 4165 720 4228 Pomp.
799 4157 842 4210 50.
859 4159 972 4208 uirtutem
988 4186 1024 4198 -
1048 4157 1184 4226 adderent]
1210 4160 1246 4211 ci.
1265 4162 1326 4214 Cat.

159 4237 207 4299 lt,
226 4235 269 4286 50.
287 4238 360 4297 Quod
375 4240 403 4288 ei
418 4239 513 4290 Rornae
531 4240 575 4290 Oa.
591 4241 722 4302 Pompeias
764 4237 811 4299 58,
832 4234 856 4286 1.

156 4313 275 4378 priuatas
290 4320 376 4361 esset
394 4313 439 4362 lloe
452 4322 575 4375 tempore,
593 4324 675 4366 tamen
687 4319 723 4367 ad
799 4320 947 4374 LXXXVI.
968 4321 993 4370 2.
1013 4334 1080 4368 more
1091 4319 1220 4386 aratorum]
1241 4337 1279 4373 se.
1296 4327 1327 4374 ut
