<?xml version="1.0" encoding="UTF-8"?>
<!DOCTYPE html PUBLIC "-//W3C//DTD XHTML 1.0 Transitional//EN"
    "http://www.w3.org/TR/xhtml1/DTD/xhtml1-transitional.dtd">
<html xmlns="http://www.w3.org/1999/xhtml" xml:lang="en" lang="en">
 <head>
  <title>
</title>
<meta http-equiv="Content-Type" content="text/html;charset=utf-8" />
  <meta name='ocr-system' content='tesseract 3.04.00' />
  <meta name='ocr-capabilities' content='ocr_page ocr_carea ocr_par ocr_line ocrx_word'/>
</head>
<body>
  <div class='ocr_page' id='page_1' title='image "./catilinaiugurth01sallgoog_0023.png"; bbox 0 0 3028 4852; ppageno 0'>
   <div class='ocr_carea' id='block_1_1' title="bbox 182 294 989 355">
    <p class='ocr_par' dir='ltr' id='par_1_1' title="bbox 182 294 989 355">
     <span class='ocr_line' id='line_1_1' title="bbox 182 294 989 355; baseline 0 -1"><span class='ocrx_word' id='word_1_1' title='bbox 182 294 204 354; x_wconf 84' lang='lat'>4</span> <span class='ocrx_word' id='word_1_2' title='bbox 548 305 822 354; x_wconf 79' lang='lat' dir='ltr'>rsonueouuun.</span> <span class='ocrx_word' id='word_1_3' title='bbox 868 305 943 352; x_wconf 80' lang='lat' dir='ltr'>oar.</span> <span class='ocrx_word' id='word_1_4' title='bbox 966 307 989 355; x_wconf 93' lang='lat'>1.</span> 
     </span>
    </p>
   </div>
   <div class='ocr_carea' id='block_1_2' title="bbox 182 461 1430 4406">
    <p class='ocr_par' dir='ltr' id='par_1_2' title="bbox 182 461 1430 4406">
     <span class='ocr_line' id='line_1_2' title="bbox 186 461 1355 542; baseline -0.001 -19"><span class='ocrx_word' id='word_1_5' title='bbox 186 463 217 523; x_wconf 89' lang='lat' dir='ltr'>B.</span> <span class='ocrx_word' id='word_1_6' title='bbox 241 461 333 524; x_wconf 81' lang='lat' dir='ltr'><strong>Afric.</strong></span> <span class='ocrx_word' id='word_1_7' title='bbox 356 481 385 522; x_wconf 92' lang='lat' dir='ltr'>c.</span> <span class='ocrx_word' id='word_1_8' title='bbox 410 463 446 539; x_wconf 88' lang='lat'>8,</span> <span class='ocrx_word' id='word_1_9' title='bbox 470 463 528 541; x_wconf 89' lang='lat'>3.).</span> <span class='ocrx_word' id='word_1_10' title='bbox 578 462 609 523; x_wconf 97' lang='lat' dir='ltr'>Id</span> <span class='ocrx_word' id='word_1_11' title='bbox 633 463 781 541; x_wconf 75' lang='lat' dir='ltr'><strong>negotium</strong></span> <span class='ocrx_word' id='word_1_12' title='bbox 808 464 870 542; x_wconf 90' lang='lat' dir='ltr'>pari</span> <span class='ocrx_word' id='word_1_13' title='bbox 900 463 1074 525; x_wconf 76' lang='lat' dir='ltr'>dexteritate</span> <span class='ocrx_word' id='word_1_14' title='bbox 1100 469 1188 540; x_wconf 86' lang='lat' dir='ltr'>atque</span> <span class='ocrx_word' id='word_1_15' title='bbox 1214 461 1355 522; x_wconf 81' lang='lat' dir='ltr'>felicitate</span> 
     </span>
     <span class='ocr_line' id='line_1_3' title="bbox 186 569 1355 652; baseline -0.003 -19"><span class='ocrx_word' id='word_1_16' title='bbox 186 581 343 634; x_wconf 79' lang='lat' dir='ltr'>exsecutus</span> <span class='ocrx_word' id='word_1_17' title='bbox 366 581 411 632; x_wconf 88' lang='lat' dir='ltr'>est</span> <span class='ocrx_word' id='word_1_18' title='bbox 433 573 490 652; x_wconf 89' lang='lat' dir='ltr'>(ib.</span> <span class='ocrx_word' id='word_1_19' title='bbox 514 593 539 633; x_wconf 94' lang='lat' dir='ltr'>c.</span> <span class='ocrx_word' id='word_1_20' title='bbox 557 573 614 650; x_wconf 83' lang='grc'>34,</span> <span class='ocrx_word' id='word_1_21' title='bbox 637 573 700 652; x_wconf 90' lang='grc'><strong>3.);</strong></span> <span class='ocrx_word' id='word_1_22' title='bbox 732 591 827 652; x_wconf 86' lang='lat' dir='ltr'>neque</span> <span class='ocrx_word' id='word_1_23' title='bbox 851 572 975 634; x_wconf 91' lang='lat' dir='ltr'>dubitari</span> <span class='ocrx_word' id='word_1_24' title='bbox 998 579 1112 652; x_wconf 89' lang='lat' dir='ltr'>potest,</span> <span class='ocrx_word' id='word_1_25' title='bbox 1143 571 1211 650; x_wconf 89' lang='lat' dir='ltr'>quin</span> <span class='ocrx_word' id='word_1_26' title='bbox 1236 571 1264 630; x_wconf 94' lang='lat' dir='ltr'>in</span> <span class='ocrx_word' id='word_1_27' title='bbox 1287 569 1355 630; x_wconf 87' lang='lat' dir='ltr'>reli-</span> 
     </span>
     <span class='ocr_line' id='line_1_4' title="bbox 186 681 1355 763; baseline -0.004 -18"><span class='ocrx_word' id='word_1_28' title='bbox 186 702 246 763; x_wconf 85' lang='lat' dir='ltr'>quo</span> <span class='ocrx_word' id='word_1_29' title='bbox 268 685 354 745; x_wconf 90' lang='lat' dir='ltr'>etiam</span> <span class='ocrx_word' id='word_1_30' title='bbox 372 682 453 746; x_wconf 91' lang='lat' dir='ltr'>bello</span> <span class='ocrx_word' id='word_1_31' title='bbox 474 683 560 743; x_wconf 85' lang='lat' dir='ltr'>valde</span> <span class='ocrx_word' id='word_1_32' title='bbox 581 691 727 746; x_wconf 87' lang='lat' dir='ltr'>strenuam</span> <span class='ocrx_word' id='word_1_33' title='bbox 749 693 836 762; x_wconf 84' lang='lat' dir='ltr'>atque</span> <span class='ocrx_word' id='word_1_34' title='bbox 859 683 959 744; x_wconf 90' lang='lat' dir='ltr'>utilem</span> <span class='ocrx_word' id='word_1_35' title='bbox 983 681 1104 744; x_wconf 80' lang='lat' dir='ltr'>Caesari</span> <span class='ocrx_word' id='word_1_36' title='bbox 1126 699 1247 762; x_wconf 83' lang='lat' dir='ltr'>operam</span> <span class='ocrx_word' id='word_1_37' title='bbox 1269 698 1355 759; x_wconf 87' lang='lat' dir='ltr'>prae·</span> 
     </span>
     <span class='ocr_line' id='line_1_5' title="bbox 185 790 1416 872; baseline -0.002 -16"><span class='ocrx_word' id='word_1_38' title='bbox 185 796 300 856; x_wconf 89' lang='lat' dir='ltr'>stiterit.</span> <span class='ocrx_word' id='word_1_39' title='bbox 359 792 502 856; x_wconf 83' lang='lat' dir='ltr'>Confecto</span> <span class='ocrx_word' id='word_1_40' title='bbox 520 794 605 854; x_wconf 88' lang='lat' dir='ltr'>&#39;enirn</span> <span class='ocrx_word' id='word_1_41' title='bbox 633 793 714 853; x_wconf 90' lang='lat' dir='ltr'>bello</span> <span class='ocrx_word' id='word_1_42' title='bbox 744 802 773 852; x_wconf 88' lang='lat' dir='ltr'>et</span> <span class='ocrx_word' id='word_1_43' title='bbox 798 793 888 854; x_wconf 89' lang='lat' dir='ltr'>Iubae</span> <span class='ocrx_word' id='word_1_44' title='bbox 915 811 1008 871; x_wconf 88' lang='lat' dir='ltr'>regno</span> <span class='ocrx_word' id='word_1_45' title='bbox 1036 794 1064 853; x_wconf 93' lang='lat' dir='ltr'>in</span> <span class='ocrx_word' id='word_1_46' title='bbox 1094 792 1264 872; x_wconf 89' lang='lat' dir='ltr'>provinciae</span> <span class='ocrx_word' id='word_1_47' title='bbox 1295 790 1354 850; x_wconf 90' lang='lat' dir='ltr'>ior·</span> <span class='ocrx_word' id='word_1_48' title='bbox 1400 831 1416 854; x_wconf 80' lang='grc'><strong>.</strong></span> 
     </span>
     <span class='ocr_line' id='line_1_6' title="bbox 185 900 1357 982; baseline -0.009 -15"><span class='ocrx_word' id='word_1_49' title='bbox 185 925 260 968; x_wconf 91' lang='lat' dir='ltr'>mam</span> <span class='ocrx_word' id='word_1_50' title='bbox 281 905 402 966; x_wconf 87' lang='lat' dir='ltr'>redacto</span> <span class='ocrx_word' id='word_1_51' title='bbox 422 906 517 966; x_wconf 90' lang='lat' dir='ltr'>victor</span> <span class='ocrx_word' id='word_1_52' title='bbox 538 904 703 965; x_wconf 82' lang='lat' dir='ltr'>Sallustium</span> <span class='ocrx_word' id='word_1_53' title='bbox 727 921 781 982; x_wconf 92' lang='lat' dir='ltr'>pro</span> <span class='ocrx_word' id='word_1_54' title='bbox 806 903 927 965; x_wconf 91' lang='lat' dir='ltr'>consule</span> <span class='ocrx_word' id='word_1_55' title='bbox 948 923 1012 966; x_wconf 93' lang='lat' dir='ltr'>cum</span> <span class='ocrx_word' id='word_1_56' title='bbox 1033 903 1156 982; x_wconf 89' lang='lat' dir='ltr'>imperio</span> <span class='ocrx_word' id='word_1_57' title='bbox 1178 902 1218 961; x_wconf 90' lang='lat' dir='ltr'>ibi</span> <span class='ocrx_word' id='word_1_58' title='bbox 1237 900 1357 979; x_wconf 83' lang='lat' dir='ltr'>reliquit</span> 
     </span>
     <span class='ocr_line' id='line_1_7' title="bbox 186 1009 1355 1100; baseline -0.008 -22"><span class='ocrx_word' id='word_1_59' title='bbox 186 1019 288 1100; x_wconf 85' lang='lat' dir='ltr'>(Auct.</span> <span class='ocrx_word' id='word_1_60' title='bbox 313 1017 346 1077; x_wconf 94' lang='lat' dir='ltr'>B.</span> <span class='ocrx_word' id='word_1_61' title='bbox 366 1015 458 1076; x_wconf 79' lang='lat' dir='ltr'>Afric.</span> <span class='ocrx_word' id='word_1_62' title='bbox 482 1035 507 1076; x_wconf 91' lang='lat' dir='ltr'>c.</span> <span class='ocrx_word' id='word_1_63' title='bbox 532 1016 637 1092; x_wconf 84' lang='lat'>97,1.</span> <span class='ocrx_word' id='word_1_64' title='bbox 665 1014 722 1075; x_wconf 89' lang='lat' dir='ltr'>Dio</span> <span class='ocrx_word' id='word_1_65' title='bbox 744 1013 827 1075; x_wconf 89' lang='lat' dir='ltr'>Cass.</span> <span class='ocrx_word' id='word_1_66' title='bbox 850 1013 957 1091; x_wconf 82' lang='lat' dir='ltr'>XLIII,</span> <span class='ocrx_word' id='word_1_67' title='bbox 980 1015 1043 1092; x_wconf 83' lang='lat'>9.);</span> <span class='ocrx_word' id='word_1_68' title='bbox 1073 1031 1159 1092; x_wconf 86' lang='lat' dir='ltr'>quern</span> <span class='ocrx_word' id='word_1_69' title='bbox 1180 1009 1291 1072; x_wconf 87' lang='lat' dir='ltr'>Caesar</span> <span class='ocrx_word' id='word_1_70' title='bbox 1313 1010 1355 1070; x_wconf 92' lang='lat' dir='ltr'>ia·</span> 
     </span>
     <span class='ocr_line' id='line_1_8' title="bbox 184 1121 1355 1206; baseline -0.007 -16"><span class='ocrx_word' id='word_1_71' title='bbox 184 1148 287 1190; x_wconf 85' lang='lat' dir='ltr'>vorem</span> <span class='ocrx_word' id='word_1_72' title='bbox 310 1127 351 1187; x_wconf 94' lang='lat' dir='ltr'>illi</span> <span class='ocrx_word' id='word_1_73' title='bbox 379 1143 437 1186; x_wconf 92' lang='lat' dir='ltr'>non</span> <span class='ocrx_word' id='word_1_74' title='bbox 459 1125 623 1204; x_wconf 82' lang='lat' dir='ltr'>tribuisset,</span> <span class='ocrx_word' id='word_1_75' title='bbox 657 1127 712 1185; x_wconf 90' lang='lat' dir='ltr'>nisi</span> <span class='ocrx_word' id='word_1_76' title='bbox 737 1127 850 1206; x_wconf 89' lang='lat' dir='ltr'>magnis</span> <span class='ocrx_word' id='word_1_77' title='bbox 878 1126 941 1186; x_wconf 90' lang='lat' dir='ltr'>eius</span> <span class='ocrx_word' id='word_1_78' title='bbox 969 1125 1006 1185; x_wconf 90' lang='lat' dir='ltr'>de</span> <span class='ocrx_word' id='word_1_79' title='bbox 1034 1143 1066 1185; x_wconf 89' lang='lat' dir='ltr'>se</span> <span class='ocrx_word' id='word_1_80' title='bbox 1093 1123 1204 1184; x_wconf 91' lang='lat' dir='ltr'>meritis</span> <span class='ocrx_word' id='word_1_81' title='bbox 1230 1121 1355 1201; x_wconf 85' lang='lat' dir='ltr'>gratiam</span> 
     </span>
     <span class='ocr_line' id='line_1_9' title="bbox 184 1231 1354 1318; baseline -0.01 -16"><span class='ocrx_word' id='word_1_82' title='bbox 184 1238 360 1302; x_wconf 88' lang='lat' dir='ltr'>reddendam</span> <span class='ocrx_word' id='word_1_83' title='bbox 383 1245 524 1318; x_wconf 87' lang='lat' dir='ltr'>putasset.</span> <span class='ocrx_word' id='word_1_84' title='bbox 562 1236 664 1296; x_wconf 84' lang='lat' dir='ltr'>Totum</span> <span class='ocrx_word' id='word_1_85' title='bbox 688 1237 778 1314; x_wconf 89' lang='lat' dir='ltr'>igitur</span> <span class='ocrx_word' id='word_1_86' title='bbox 798 1255 901 1299; x_wconf 91' lang='lat' dir='ltr'>annum</span> <span class='ocrx_word' id='word_1_87' title='bbox 924 1237 965 1298; x_wconf 78' lang='lat'>46</span> <span class='ocrx_word' id='word_1_88' title='bbox 986 1255 1012 1296; x_wconf 88' lang='lat' dir='ltr'>a.</span> <span class='ocrx_word' id='word_1_89' title='bbox 1030 1233 1098 1295; x_wconf 93' lang='lat' dir='ltr'>Chr.</span> <span class='ocrx_word' id='word_1_90' title='bbox 1114 1253 1142 1294; x_wconf 93' lang='grc' dir='ltr'>ιι.</span> <span class='ocrx_word' id='word_1_91' title='bbox 1160 1233 1249 1312; x_wconf 87' lang='grc'><strong>(708.</strong></span> <span class='ocrx_word' id='word_1_92' title='bbox 1265 1251 1292 1292; x_wconf 90' lang='grc' dir='ltr'>ιι.</span> <span class='ocrx_word' id='word_1_93' title='bbox 1310 1231 1354 1309; x_wconf 91' lang='lat' dir='ltr'>c.)</span> 
     </span>
     <span class='ocr_line' id='line_1_10' title="bbox 185 1342 1354 1425; baseline -0.009 -14"><span class='ocrx_word' id='word_1_94' title='bbox 185 1353 214 1411; x_wconf 92' lang='lat' dir='ltr'>in</span> <span class='ocrx_word' id='word_1_95' title='bbox 236 1348 368 1410; x_wconf 90' lang='lat' dir='ltr'>Numidia</span> <span class='ocrx_word' id='word_1_96' title='bbox 398 1355 532 1407; x_wconf 88' lang='lat' dir='ltr'>versatus</span> <span class='ocrx_word' id='word_1_97' title='bbox 559 1347 694 1425; x_wconf 89' lang='lat' dir='ltr'>proximo</span> <span class='ocrx_word' id='word_1_98' title='bbox 716 1347 839 1407; x_wconf 88' lang='lat' dir='ltr'>Romam</span> <span class='ocrx_word' id='word_1_99' title='bbox 864 1347 949 1407; x_wconf 88' lang='lat' dir='ltr'>rediit</span> <span class='ocrx_word' id='word_1_100' title='bbox 973 1364 1037 1405; x_wconf 89' lang='lat' dir='ltr'>cum</span> <span class='ocrx_word' id='word_1_101' title='bbox 1059 1345 1173 1422; x_wconf 87' lang='lat' dir='ltr'>magnis</span> <span class='ocrx_word' id='word_1_102' title='bbox 1194 1344 1300 1406; x_wconf 91' lang='lat' dir='ltr'>divitiis</span> <span class='ocrx_word' id='word_1_103' title='bbox 1325 1342 1354 1400; x_wconf 95' lang='lat' dir='ltr'>in</span> 
     </span>
     <span class='ocr_line' id='line_1_11' title="bbox 186 1452 1354 1542; baseline -0.009 -22"><span class='ocrx_word' id='word_1_104' title='bbox 186 1459 338 1542; x_wconf 90' lang='lat' dir='ltr'>provincia</span> <span class='ocrx_word' id='word_1_105' title='bbox 361 1458 506 1518; x_wconf 86' lang='lat' dir='ltr'>collectis.</span> <span class='ocrx_word' id='word_1_106' title='bbox 550 1455 596 1516; x_wconf 77' lang='lat' dir='ltr'>hc</span> <span class='ocrx_word' id='word_1_107' title='bbox 618 1457 750 1533; x_wconf 88' lang='lat' dir='ltr'>luerunt,</span> <span class='ocrx_word' id='word_1_108' title='bbox 772 1457 820 1536; x_wconf 92' lang='lat' dir='ltr'>qui</span> <span class='ocrx_word' id='word_1_109' title='bbox 842 1475 906 1516; x_wconf 91' lang='lat' dir='ltr'>eum</span> <span class='ocrx_word' id='word_1_110' title='bbox 929 1464 1087 1533; x_wconf 82' lang='lat' dir='ltr'>arguerent</span> <span class='ocrx_word' id='word_1_111' title='bbox 1108 1455 1258 1516; x_wconf 89' lang='lat' dir='ltr'>nonsatis</span> <span class='ocrx_word' id='word_1_112' title='bbox 1280 1452 1354 1530; x_wconf 89' lang='lat' dir='ltr'>legi-</span> 
     </span>
     <span class='ocr_line' id='line_1_12' title="bbox 183 1566 1355 1647; baseline -0.008 -16"><span class='ocrx_word' id='word_1_113' title='bbox 183 1573 253 1632; x_wconf 92' lang='lat' dir='ltr'>time</span> <span class='ocrx_word' id='word_1_114' title='bbox 288 1587 339 1630; x_wconf 90' lang='lat' dir='ltr'>eas</span> <span class='ocrx_word' id='word_1_115' title='bbox 371 1567 427 1627; x_wconf 88' lang='lat' dir='ltr'>sibi</span> <span class='ocrx_word' id='word_1_116' title='bbox 462 1585 667 1647; x_wconf 81' lang='lat' dir='ltr'>comparasse,</span> <span class='ocrx_word' id='word_1_117' title='bbox 702 1566 835 1645; x_wconf 86' lang='lat' dir='ltr'>adeoque</span> <span class='ocrx_word' id='word_1_118' title='bbox 870 1566 1095 1645; x_wconf 88' lang='lat' dir='ltr'>repetundarum</span> <span class='ocrx_word' id='word_1_119' title='bbox 1131 1566 1264 1627; x_wconf 90' lang='lat' dir='ltr'>iudicium</span> <span class='ocrx_word' id='word_1_120' title='bbox 1295 1580 1355 1624; x_wconf 91' lang='lat' dir='ltr'>non</span> 
     </span>
     <span class='ocr_line' id='line_1_13' title="bbox 186 1674 1354 1758; baseline -0.006 -18"><span class='ocrx_word' id='word_1_121' title='bbox 186 1681 329 1757; x_wconf 82' lang='lat' dir='ltr'>effugisse</span> <span class='ocrx_word' id='word_1_122' title='bbox 353 1677 456 1758; x_wconf 83' lang='lat' dir='ltr'>(Auct.</span> <span class='ocrx_word' id='word_1_123' title='bbox 478 1677 555 1738; x_wconf 90' lang='lat' dir='ltr'>decl.</span> <span class='ocrx_word' id='word_1_124' title='bbox 579 1696 604 1737; x_wconf 91' lang='lat' dir='ltr'>c.</span> <span class='ocrx_word' id='word_1_125' title='bbox 632 1679 661 1737; x_wconf 88' lang='lat'>7.</span> <span class='ocrx_word' id='word_1_126' title='bbox 687 1675 742 1736; x_wconf 89' lang='lat' dir='ltr'>Dic</span> <span class='ocrx_word' id='word_1_127' title='bbox 765 1674 848 1736; x_wconf 88' lang='lat' dir='ltr'>Cass.</span> <span class='ocrx_word' id='word_1_128' title='bbox 870 1674 978 1754; x_wconf 85' lang='lat' dir='ltr'>XLIII,</span> <span class='ocrx_word' id='word_1_129' title='bbox 1002 1676 1066 1753; x_wconf 83' lang='lat'>9.);</span> <span class='ocrx_word' id='word_1_130' title='bbox 1095 1676 1148 1737; x_wconf 91' lang='lat' dir='ltr'>sed</span> <span class='ocrx_word' id='word_1_131' title='bbox 1169 1694 1231 1736; x_wconf 90' lang='lat' dir='ltr'>rem</span> <span class='ocrx_word' id='word_1_132' title='bbox 1253 1692 1354 1754; x_wconf 91' lang='lat' dir='ltr'>parum</span> 
     </span>
     <span class='ocr_line' id='line_1_14' title="bbox 185 1783 1354 1866; baseline -0.007 -15"><span class='ocrx_word' id='word_1_133' title='bbox 185 1800 294 1851; x_wconf 90' lang='lat' dir='ltr'>certam</span> <span class='ocrx_word' id='word_1_134' title='bbox 324 1807 391 1849; x_wconf 89' lang='lat' dir='ltr'>esse</span> <span class='ocrx_word' id='word_1_135' title='bbox 421 1788 494 1849; x_wconf 84' lang='lat' dir='ltr'>infra</span> <span class='ocrx_word' id='word_1_136' title='bbox 521 1786 693 1848; x_wconf 89' lang='lat' dir='ltr'>videbimus.</span> <span class='ocrx_word' id='word_1_137' title='bbox 745 1786 856 1866; x_wconf 87' lang='lat' dir='ltr'>Opibus</span> <span class='ocrx_word' id='word_1_138' title='bbox 885 1805 922 1846; x_wconf 84' lang='lat' dir='ltr'>ex</span> <span class='ocrx_word' id='word_1_139' title='bbox 957 1787 1107 1865; x_wconf 92' lang='lat' dir='ltr'>provincia</span> <span class='ocrx_word' id='word_1_140' title='bbox 1134 1786 1292 1866; x_wconf 90' lang='lat' dir='ltr'>reportatis</span> <span class='ocrx_word' id='word_1_141' title='bbox 1316 1783 1354 1844; x_wconf 90' lang='lat' dir='ltr'>ad</span> 
     </span>
     <span class='ocr_line' id='line_1_15' title="bbox 184 1893 1355 1978; baseline -0.007 -18"><span class='ocrx_word' id='word_1_142' title='bbox 184 1902 272 1961; x_wconf 85' lang='lat' dir='ltr'>vitam</span> <span class='ocrx_word' id='word_1_143' title='bbox 300 1917 369 1958; x_wconf 88' lang='lat' dir='ltr'>usus</span> <span class='ocrx_word' id='word_1_144' title='bbox 398 1899 553 1978; x_wconf 89' lang='lat' dir='ltr'>opulenter</span> <span class='ocrx_word' id='word_1_145' title='bbox 580 1908 609 1958; x_wconf 90' lang='lat' dir='ltr'>et</span> <span class='ocrx_word' id='word_1_146' title='bbox 639 1916 704 1957; x_wconf 93' lang='lat' dir='ltr'>cum</span> <span class='ocrx_word' id='word_1_147' title='bbox 732 1897 878 1974; x_wconf 79' lang='lat' dir='ltr'>elegantia</span> <span class='ocrx_word' id='word_1_148' title='bbox 906 1897 1124 1975; x_wconf 83' lang='lat' dir='ltr'>instituendam,</span> <span class='ocrx_word' id='word_1_149' title='bbox 1158 1898 1186 1955; x_wconf 93' lang='lat' dir='ltr'>in</span> <span class='ocrx_word' id='word_1_150' title='bbox 1213 1893 1355 1972; x_wconf 78' lang='lat' dir='ltr'>QuirInali</span> 
     </span>
     <span class='ocr_line' id='line_1_16' title="bbox 184 2005 1353 2089; baseline -0.003 -20"><span class='ocrx_word' id='word_1_151' title='bbox 184 2012 258 2071; x_wconf 93' lang='lat' dir='ltr'>intra</span> <span class='ocrx_word' id='word_1_152' title='bbox 282 2019 395 2089; x_wconf 92' lang='lat' dir='ltr'>portam</span> <span class='ocrx_word' id='word_1_153' title='bbox 415 2009 555 2069; x_wconf 90' lang='lat' dir='ltr'>Salariam</span> <span class='ocrx_word' id='word_1_154' title='bbox 577 2017 606 2066; x_wconf 89' lang='lat' dir='ltr'>et</span> <span class='ocrx_word' id='word_1_155' title='bbox 622 2005 764 2067; x_wconf 82' lang='lat' dir='ltr'>Collinam</span> <span class='ocrx_word' id='word_1_156' title='bbox 787 2015 874 2084; x_wconf 88' lang='lat' dir='ltr'>atque</span> <span class='ocrx_word' id='word_1_157' title='bbox 898 2007 1004 2067; x_wconf 89' lang='lat' dir='ltr'>collem</span> <span class='ocrx_word' id='word_1_158' title='bbox 1025 2007 1205 2068; x_wconf 88' lang='lat' dir='ltr'>hortulorum</span> <span class='ocrx_word' id='word_1_159' title='bbox 1226 2007 1282 2089; x_wconf 89' lang='lat' dir='ltr'>(ci.</span> <span class='ocrx_word' id='word_1_160' title='bbox 1298 2006 1353 2066; x_wconf 84' lang='lat' dir='ltr'>&#39;la-</span> 
     </span>
     <span class='ocr_line' id='line_1_17' title="bbox 185 2109 1352 2197; baseline -0.003 -18"><span class='ocrx_word' id='word_1_161' title='bbox 185 2121 234 2180; x_wconf 88' lang='lat' dir='ltr'>cit.</span> <span class='ocrx_word' id='word_1_162' title='bbox 258 2119 331 2180; x_wconf 85' lang='lat' dir='ltr'>Ilist.</span> <span class='ocrx_word' id='word_1_163' title='bbox 350 2118 409 2194; x_wconf 95' lang='lat' dir='ltr'>III,</span> <span class='ocrx_word' id='word_1_164' title='bbox 433 2118 502 2197; x_wconf 80' lang='lat'>82.)</span> <span class='ocrx_word' id='word_1_165' title='bbox 530 2117 633 2176; x_wconf 89' lang='lat' dir='ltr'>hortos</span> <span class='ocrx_word' id='word_1_166' title='bbox 661 2116 857 2196; x_wconf 90' lang='lat' dir='ltr'>amplissimos</span> <span class='ocrx_word' id='word_1_167' title='bbox 887 2125 916 2176; x_wconf 90' lang='lat' dir='ltr'>et</span> <span class='ocrx_word' id='word_1_168' title='bbox 941 2109 1172 2196; x_wconf 83' lang='lat' dir='ltr'>pretiosissimos</span> <span class='ocrx_word' id='word_1_169' title='bbox 1194 2119 1277 2193; x_wconf 90' lang='lat' dir='ltr'>emit,</span> <span class='ocrx_word' id='word_1_170' title='bbox 1304 2135 1352 2178; x_wconf 89' lang='lat' dir='ltr'>ae·</span> 
     </span>
     <span class='ocr_line' id='line_1_18' title="bbox 184 2226 1352 2307; baseline -0.003 -18"><span class='ocrx_word' id='word_1_171' title='bbox 184 2229 305 2307; x_wconf 81' lang='lat' dir='ltr'>diliciis,</span> <span class='ocrx_word' id='word_1_172' title='bbox 335 2228 468 2307; x_wconf 89' lang='lat' dir='ltr'>thermis,</span> <span class='ocrx_word' id='word_1_173' title='bbox 498 2226 659 2307; x_wconf 92' lang='lat' dir='ltr'>porticibus</span> <span class='ocrx_word' id='word_1_174' title='bbox 688 2226 931 2306; x_wconf 87' lang='lat' dir='ltr'>splendidissimis</span> <span class='ocrx_word' id='word_1_175' title='bbox 959 2228 1108 2306; x_wconf 88' lang='lat' dir='ltr'>instruxit,</span> <span class='ocrx_word' id='word_1_176' title='bbox 1137 2229 1273 2307; x_wconf 88' lang='lat' dir='ltr'>omnique</span> <span class='ocrx_word' id='word_1_177' title='bbox 1299 2245 1352 2305; x_wconf 87' lang='lat' dir='ltr'>ge·</span> 
     </span>
     <span class='ocr_line' id='line_1_19' title="bbox 184 2337 1353 2419; baseline -0.002 -21"><span class='ocrx_word' id='word_1_178' title='bbox 184 2357 256 2398; x_wconf 91' lang='lat' dir='ltr'>nere</span> <span class='ocrx_word' id='word_1_179' title='bbox 285 2339 434 2415; x_wconf 91' lang='lat' dir='ltr'>signorum</span> <span class='ocrx_word' id='word_1_180' title='bbox 468 2346 554 2417; x_wconf 87' lang='lat' dir='ltr'>atque</span> <span class='ocrx_word' id='word_1_181' title='bbox 582 2339 651 2398; x_wconf 91' lang='lat' dir='ltr'>artis</span> <span class='ocrx_word' id='word_1_182' title='bbox 679 2357 802 2419; x_wconf 91' lang='lat' dir='ltr'>operum</span> <span class='ocrx_word' id='word_1_183' title='bbox 837 2339 998 2398; x_wconf 86' lang='lat' dir='ltr'>exornavit.</span> <span class='ocrx_word' id='word_1_184' title='bbox 1049 2337 1136 2400; x_wconf 88' lang='lat' dir='ltr'>Cuius</span> <span class='ocrx_word' id='word_1_185' title='bbox 1162 2339 1293 2399; x_wconf 85' lang='lat' dir='ltr'>luxuriae</span> <span class='ocrx_word' id='word_1_186' title='bbox 1323 2345 1353 2396; x_wconf 89' lang='lat' dir='ltr'>et</span> 
     </span>
     <span class='ocr_line' id='line_1_20' title="bbox 186 2447 1351 2530; baseline 0 -22"><span class='ocrx_word' id='word_1_187' title='bbox 186 2447 354 2528; x_wconf 87' lang='lat' dir='ltr'>splendoris</span> <span class='ocrx_word' id='word_1_188' title='bbox 377 2449 477 2508; x_wconf 90' lang='lat' dir='ltr'>summi</span> <span class='ocrx_word' id='word_1_189' title='bbox 504 2466 562 2509; x_wconf 95' lang='lat' dir='ltr'>non</span> <span class='ocrx_word' id='word_1_190' title='bbox 588 2448 682 2508; x_wconf 91' lang='lat' dir='ltr'>solum</span> <span class='ocrx_word' id='word_1_191' title='bbox 703 2448 906 2509; x_wconf 86' lang='lat' dir='ltr'>documentum</span> <span class='ocrx_word' id='word_1_192' title='bbox 927 2447 984 2508; x_wconf 93' lang='lat' dir='ltr'>hoc</span> <span class='ocrx_word' id='word_1_193' title='bbox 1004 2448 1141 2529; x_wconf 89' lang='lat' dir='ltr'>habetur,</span> <span class='ocrx_word' id='word_1_194' title='bbox 1172 2451 1250 2530; x_wconf 86' lang='lat' dir='ltr'>quod</span> <span class='ocrx_word' id='word_1_195' title='bbox 1274 2468 1351 2510; x_wconf 91' lang='lat' dir='ltr'>com-</span> 
     </span>
     <span class='ocr_line' id='line_1_21' title="bbox 185 2559 1352 2639; baseline 0.003 -21"><span class='ocrx_word' id='word_1_196' title='bbox 185 2559 286 2639; x_wconf 90' lang='lat' dir='ltr'>plures</span> <span class='ocrx_word' id='word_1_197' title='bbox 309 2559 519 2637; x_wconf 87' lang='lat' dir='ltr'>imperatores,</span> <span class='ocrx_word' id='word_1_198' title='bbox 549 2559 627 2619; x_wconf 87' lang='lat' dir='ltr'>velut</span> <span class='ocrx_word' id='word_1_199' title='bbox 648 2559 867 2637; x_wconf 87' lang='lat' dir='ltr'>Vespasianus,</span> <span class='ocrx_word' id='word_1_200' title='bbox 894 2559 1008 2636; x_wconf 90' lang='lat' dir='ltr'>Nerva,</span> <span class='ocrx_word' id='word_1_201' title='bbox 1038 2559 1193 2639; x_wconf 85' lang='lat' dir='ltr'>Traianus,</span> <span class='ocrx_word' id='word_1_202' title='bbox 1218 2561 1352 2622; x_wconf 83' lang='lat' dir='ltr'>Aurelia·</span> 
     </span>
     <span class='ocr_line' id='line_1_22' title="bbox 183 2668 1351 2752; baseline 0.002 -22"><span class='ocrx_word' id='word_1_203' title='bbox 183 2689 255 2747; x_wconf 94' lang='lat' dir='ltr'>nus,</span> <span class='ocrx_word' id='word_1_204' title='bbox 277 2668 451 2731; x_wconf 88' lang='lat' dir='ltr'>amoenitate</span> <span class='ocrx_word' id='word_1_205' title='bbox 473 2668 623 2728; x_wconf 89' lang='lat' dir='ltr'>hortorum</span> <span class='ocrx_word' id='word_1_206' title='bbox 644 2669 769 2745; x_wconf 90' lang='lat' dir='ltr'>invitati,</span> <span class='ocrx_word' id='word_1_207' title='bbox 792 2669 820 2728; x_wconf 93' lang='lat' dir='ltr'>in</span> <span class='ocrx_word' id='word_1_208' title='bbox 842 2669 899 2729; x_wconf 92' lang='lat' dir='ltr'>illis</span> <span class='ocrx_word' id='word_1_209' title='bbox 919 2669 1097 2750; x_wconf 76' lang='lat' dir='ltr'>habitarunt,</span> <span class='ocrx_word' id='word_1_210' title='bbox 1127 2671 1179 2732; x_wconf 92' lang='lat' dir='ltr'>sed</span> <span class='ocrx_word' id='word_1_211' title='bbox 1203 2672 1351 2752; x_wconf 88' lang='lat' dir='ltr'>pristinam</span> 
     </span>
     <span class='ocr_line' id='line_1_23' title="bbox 184 2779 1394 2861; baseline 0 -20"><span class='ocrx_word' id='word_1_212' title='bbox 184 2797 285 2841; x_wconf 89' lang='lat' dir='ltr'>eorum</span> <span class='ocrx_word' id='word_1_213' title='bbox 304 2779 545 2857; x_wconf 83' lang='lat' dir='ltr'>magnificentiam</span> <span class='ocrx_word' id='word_1_214' title='bbox 565 2779 735 2857; x_wconf 90' lang='lat' dir='ltr'>planissime</span> <span class='ocrx_word' id='word_1_215' title='bbox 758 2781 843 2840; x_wconf 89' lang='lat' dir='ltr'>etiam</span> <span class='ocrx_word' id='word_1_216' title='bbox 864 2788 1005 2839; x_wconf 87' lang='lat' dir='ltr'>testantur</span> <span class='ocrx_word' id='word_1_217' title='bbox 1024 2781 1130 2842; x_wconf 89' lang='lat' dir='ltr'>multae</span> <span class='ocrx_word' id='word_1_218' title='bbox 1151 2792 1179 2842; x_wconf 90' lang='lat' dir='ltr'>et</span> <span class='ocrx_word' id='word_1_219' title='bbox 1200 2791 1350 2861; x_wconf 87' lang='lat' dir='ltr'>praestan·</span> <span class='ocrx_word' id='word_1_220' title='bbox 1392 2793 1394 2796; x_wconf 79' lang='grc'>’</span> 
     </span>
     <span class='ocr_line' id='line_1_24' title="bbox 183 2889 1350 2970; baseline 0.002 -20"><span class='ocrx_word' id='word_1_221' title='bbox 183 2892 313 2951; x_wconf 89' lang='lat' dir='ltr'>tissimae</span> <span class='ocrx_word' id='word_1_222' title='bbox 334 2898 445 2951; x_wconf 88' lang='lat' dir='ltr'>statuae</span> <span class='ocrx_word' id='word_1_223' title='bbox 467 2891 677 2969; x_wconf 87' lang='lat' dir='ltr'>signorumque</span> <span class='ocrx_word' id='word_1_224' title='bbox 700 2889 841 2967; x_wconf 89' lang='lat' dir='ltr'>reliquiae</span> <span class='ocrx_word' id='word_1_225' title='bbox 864 2891 892 2950; x_wconf 96' lang='lat' dir='ltr'>in</span> <span class='ocrx_word' id='word_1_226' title='bbox 914 2891 973 2950; x_wconf 92' lang='lat' dir='ltr'>illis</span> <span class='ocrx_word' id='word_1_227' title='bbox 992 2891 1066 2952; x_wconf 89' lang='lat' dir='ltr'>locis</span> <span class='ocrx_word' id='word_1_228' title='bbox 1086 2892 1229 2963; x_wconf 86' lang='lat' dir='ltr'>ellossae;</span> <span class='ocrx_word' id='word_1_229' title='bbox 1253 2910 1350 2970; x_wconf 86' lang='lat' dir='ltr'>quam·</span> 
     </span>
     <span class='ocr_line' id='line_1_25' title="bbox 184 2999 1350 3080; baseline 0.002 -20"><span class='ocrx_word' id='word_1_230' title='bbox 184 3019 268 3079; x_wconf 87' lang='lat' dir='ltr'>quam</span> <span class='ocrx_word' id='word_1_231' title='bbox 305 3017 363 3060; x_wconf 95' lang='lat' dir='ltr'>non</span> <span class='ocrx_word' id='word_1_232' title='bbox 396 2999 534 3061; x_wconf 88' lang='lat' dir='ltr'>abhorret</span> <span class='ocrx_word' id='word_1_233' title='bbox 563 3019 579 3062; x_wconf 89' lang='lat' dir='ltr'>a</span> <span class='ocrx_word' id='word_1_234' title='bbox 612 2999 860 3060; x_wconf 89' lang='lat' dir='ltr'>verisimilitudine</span> <span class='ocrx_word' id='word_1_235' title='bbox 895 3001 1070 3080; x_wconf 85' lang='lat' dir='ltr'>aliquantam</span> <span class='ocrx_word' id='word_1_236' title='bbox 1106 3011 1350 3080; x_wconf 90' lang='lat' dir='ltr'>ornamentorum,</span> 
     </span>
     <span class='ocr_line' id='line_1_26' title="bbox 185 3108 1349 3191; baseline 0.003 -22"><span class='ocrx_word' id='word_1_237' title='bbox 185 3109 288 3187; x_wconf 87' lang='lat' dir='ltr'>quibus</span> <span class='ocrx_word' id='word_1_238' title='bbox 310 3108 386 3169; x_wconf 91' lang='lat' dir='ltr'>horti</span> <span class='ocrx_word' id='word_1_239' title='bbox 407 3111 575 3171; x_wconf 89' lang='lat' dir='ltr'>Sallustiani</span> <span class='ocrx_word' id='word_1_240' title='bbox 600 3111 732 3171; x_wconf 79' lang='lat' dir='ltr'>instructi</span> <span class='ocrx_word' id='word_1_241' title='bbox 754 3111 886 3190; x_wconf 87' lang='lat' dir='ltr'>luerunt,</span> <span class='ocrx_word' id='word_1_242' title='bbox 921 3121 1032 3191; x_wconf 91' lang='lat' dir='ltr'>partem</span> <span class='ocrx_word' id='word_1_243' title='bbox 1061 3114 1274 3191; x_wconf 88' lang='lat' dir='ltr'>posterioribus</span> <span class='ocrx_word' id='word_1_244' title='bbox 1299 3131 1349 3172; x_wconf 91' lang='lat' dir='ltr'>co-</span> 
     </span>
     <span class='ocr_line' id='line_1_27' title="bbox 184 3197 1350 3303; baseline 0.004 -26"><span class='ocrx_word' id='word_1_245' title='bbox 184 3236 245 3279; x_wconf 90' lang='lat' dir='ltr'>rum</span> <span class='ocrx_word' id='word_1_246' title='bbox 269 3221 493 3296; x_wconf 89' lang='lat' dir='ltr'>possessoribus</span> <span class='ocrx_word' id='word_1_247' title='bbox 514 3221 640 3282; x_wconf 90' lang='lat' dir='ltr'>debitam</span> <span class='ocrx_word' id='word_1_248' title='bbox 663 3197 763 3283; x_wconf 89' lang='lat' dir='ltr'>inisse.</span> <span class='ocrx_word' id='word_1_249' title='bbox 806 3221 851 3280; x_wconf 89' lang='lat' dir='ltr'>De</span> <span class='ocrx_word' id='word_1_250' title='bbox 876 3231 974 3282; x_wconf 88' lang='lat' dir='ltr'>cetera</span> <span class='ocrx_word' id='word_1_251' title='bbox 997 3223 1059 3282; x_wconf 91' lang='lat' dir='ltr'>eius</span> <span class='ocrx_word' id='word_1_252' title='bbox 1078 3224 1154 3301; x_wconf 85' lang='lat' dir='ltr'>vita,</span> <span class='ocrx_word' id='word_1_253' title='bbox 1178 3241 1261 3303; x_wconf 88' lang='lat' dir='ltr'>quam</span> <span class='ocrx_word' id='word_1_254' title='bbox 1282 3223 1350 3282; x_wconf 90' lang='lat' dir='ltr'>inde</span> 
     </span>
     <span class='ocr_line' id='line_1_28' title="bbox 183 3328 1349 3418; baseline 0.003 -30"><span class='ocrx_word' id='word_1_255' title='bbox 183 3328 313 3418; x_wconf 80' lang='lat' dir='ltr'>creditu</span> <span class='ocrx_word' id='word_1_256' title='bbox 337 3347 375 3389; x_wconf 87' lang='lat' dir='ltr'>ex</span> <span class='ocrx_word' id='word_1_257' title='bbox 397 3329 497 3392; x_wconf 78' lang='lat' dir='ltr'>Africa</span> <span class='ocrx_word' id='word_1_258' title='bbox 520 3351 612 3412; x_wconf 91' lang='lat' dir='ltr'>usque</span> <span class='ocrx_word' id='word_1_259' title='bbox 634 3333 669 3393; x_wconf 87' lang='lat' dir='ltr'>ad</span> <span class='ocrx_word' id='word_1_260' title='bbox 691 3331 799 3392; x_wconf 89' lang='lat' dir='ltr'>obitam</span> <span class='ocrx_word' id='word_1_261' title='bbox 821 3351 901 3392; x_wconf 91' lang='lat' dir='ltr'>suum</span> <span class='ocrx_word' id='word_1_262' title='bbox 925 3335 1057 3413; x_wconf 83' lang='lat' dir='ltr'>peregit,</span> <span class='ocrx_word' id='word_1_263' title='bbox 1080 3334 1150 3394; x_wconf 89' lang='lat' dir='ltr'>nihil</span> <span class='ocrx_word' id='word_1_264' title='bbox 1174 3335 1261 3414; x_wconf 88' lang='lat' dir='ltr'>plane</span> <span class='ocrx_word' id='word_1_265' title='bbox 1281 3351 1349 3395; x_wconf 92' lang='lat' dir='ltr'>cou-</span> 
     </span>
     <span class='ocr_line' id='line_1_29' title="bbox 183 3439 1348 3524; baseline 0.007 -26"><span class='ocrx_word' id='word_1_266' title='bbox 183 3447 254 3509; x_wconf 88' lang='lat' dir='ltr'>stat;</span> <span class='ocrx_word' id='word_1_267' title='bbox 282 3457 346 3500; x_wconf 87' lang='lat' dir='ltr'>narn</span> <span class='ocrx_word' id='word_1_268' title='bbox 375 3439 452 3518; x_wconf 88' lang='lat' dir='ltr'>quod</span> <span class='ocrx_word' id='word_1_269' title='bbox 473 3441 650 3519; x_wconf 80' lang='lat' dir='ltr'>llieronymo</span> <span class='ocrx_word' id='word_1_270' title='bbox 681 3452 801 3504; x_wconf 89' lang='lat' dir='ltr'>auctore</span> <span class='ocrx_word' id='word_1_271' title='bbox 830 3444 874 3524; x_wconf 90' lang='lat' dir='ltr'>(iu</span> <span class='ocrx_word' id='word_1_272' title='bbox 897 3442 989 3504; x_wconf 90' lang='lat' dir='ltr'>lovin.</span> <span class='ocrx_word' id='word_1_273' title='bbox 1012 3444 1035 3504; x_wconf 93' lang='lat' dir='ltr'>I.</span> <span class='ocrx_word' id='word_1_274' title='bbox 1065 3462 1094 3523; x_wconf 89' lang='lat' dir='ltr'>p.</span> <span class='ocrx_word' id='word_1_275' title='bbox 1119 3445 1169 3505; x_wconf 82' lang='lat'>52.</span> <span class='ocrx_word' id='word_1_276' title='bbox 1194 3445 1239 3506; x_wconf 90' lang='lat' dir='ltr'>ed.</span> <span class='ocrx_word' id='word_1_277' title='bbox 1264 3445 1348 3524; x_wconf 89' lang='lat' dir='ltr'>Bas.)</span> 
     </span>
     <span class='ocr_line' id='line_1_30' title="bbox 182 3548 1349 3637; baseline 0.006 -29"><span class='ocrx_word' id='word_1_278' title='bbox 182 3559 314 3611; x_wconf 91' lang='lat' dir='ltr'>narratur</span> <span class='ocrx_word' id='word_1_279' title='bbox 340 3548 504 3612; x_wconf 84' lang='lat' dir='ltr'>Terentiam</span> <span class='ocrx_word' id='word_1_280' title='bbox 532 3550 701 3631; x_wconf 78' lang='lat' dir='ltr'>Ciceronis,</span> <span class='ocrx_word' id='word_1_281' title='bbox 732 3571 795 3614; x_wconf 93' lang='lat' dir='ltr'>curn</span> <span class='ocrx_word' id='word_1_282' title='bbox 821 3553 951 3634; x_wconf 85' lang='lat' dir='ltr'>quaille</span> <span class='ocrx_word' id='word_1_283' title='bbox 977 3573 1003 3615; x_wconf 91' lang='lat' dir='ltr'>a.</span> <span class='ocrx_word' id='word_1_284' title='bbox 1027 3556 1078 3617; x_wconf 87' lang='grc'>46.</span> <span class='ocrx_word' id='word_1_285' title='bbox 1106 3573 1132 3614; x_wconf 87' lang='lat' dir='ltr'>a.</span> <span class='ocrx_word' id='word_1_286' title='bbox 1156 3553 1224 3615; x_wconf 92' lang='lat' dir='ltr'>Chr.</span> <span class='ocrx_word' id='word_1_287' title='bbox 1260 3555 1349 3637; x_wconf 88' lang='lat'>(708.</span> 
     </span>
     <span class='ocr_line' id='line_1_31' title="bbox 184 3658 1349 3747; baseline 0.005 -28"><span class='ocrx_word' id='word_1_288' title='bbox 184 3679 211 3719; x_wconf 94' lang='lat' dir='ltr'>u.</span> <span class='ocrx_word' id='word_1_289' title='bbox 233 3659 276 3738; x_wconf 89' lang='lat' dir='ltr'>c.)</span> <span class='ocrx_word' id='word_1_290' title='bbox 293 3658 445 3721; x_wconf 85' lang='lat' dir='ltr'>divortium</span> <span class='ocrx_word' id='word_1_291' title='bbox 466 3661 596 3742; x_wconf 83' lang='lat' dir='ltr'>iecerat,</span> <span class='ocrx_word' id='word_1_292' title='bbox 618 3682 739 3725; x_wconf 91' lang='lat' dir='ltr'>uxorem</span> <span class='ocrx_word' id='word_1_293' title='bbox 757 3665 893 3742; x_wconf 85' lang='lat' dir='ltr'>duxIsse,</span> <span class='ocrx_word' id='word_1_294' title='bbox 916 3683 1087 3747; x_wconf 86' lang='lat' dir='ltr'>quamquam</span> <span class='ocrx_word' id='word_1_295' title='bbox 1108 3665 1201 3744; x_wconf 90' lang='lat' dir='ltr'>potuit</span> <span class='ocrx_word' id='word_1_296' title='bbox 1221 3665 1349 3728; x_wconf 83' lang='lat' dir='ltr'>fortasse</span> 
     </span>
     <span class='ocr_line' id='line_1_32' title="bbox 184 3769 1350 3853; baseline 0.004 -22"><span class='ocrx_word' id='word_1_297' title='bbox 184 3769 265 3849; x_wconf 85' lang='lat' dir='ltr'>heri,</span> <span class='ocrx_word' id='word_1_298' title='bbox 300 3780 396 3832; x_wconf 90' lang='lat' dir='ltr'>tamen</span> <span class='ocrx_word' id='word_1_299' title='bbox 422 3790 476 3851; x_wconf 89' lang='lat' dir='ltr'>per</span> <span class='ocrx_word' id='word_1_300' title='bbox 501 3775 534 3831; x_wconf 83' lang='lat' dir='ltr'>s&#39;e</span> <span class='ocrx_word' id='word_1_301' title='bbox 559 3782 617 3834; x_wconf 90' lang='lat' dir='ltr'>tam</span> <span class='ocrx_word' id='word_1_302' title='bbox 645 3775 818 3836; x_wconf 90' lang='lat' dir='ltr'>incredibile</span> <span class='ocrx_word' id='word_1_303' title='bbox 842 3785 903 3853; x_wconf 89' lang='lat' dir='ltr'>est,</span> <span class='ocrx_word' id='word_1_304' title='bbox 932 3787 962 3838; x_wconf 89' lang='lat' dir='ltr'>ut</span> <span class='ocrx_word' id='word_1_305' title='bbox 990 3777 1018 3836; x_wconf 94' lang='lat' dir='ltr'>in</span> <span class='ocrx_word' id='word_1_306' title='bbox 1046 3792 1156 3837; x_wconf 93' lang='lat' dir='ltr'>summo</span> <span class='ocrx_word' id='word_1_307' title='bbox 1184 3785 1350 3836; x_wconf 88' lang='lat' dir='ltr'>ceterorum</span> 
     </span>
     <span class='ocr_line' id='line_1_33' title="bbox 183 3882 1348 3965; baseline 0.004 -25"><span class='ocrx_word' id='word_1_308' title='bbox 183 3882 358 3961; x_wconf 90' lang='lat' dir='ltr'>scriptorum</span> <span class='ocrx_word' id='word_1_309' title='bbox 378 3882 414 3942; x_wconf 89' lang='lat' dir='ltr'>de</span> <span class='ocrx_word' id='word_1_310' title='bbox 438 3901 472 3944; x_wconf 89' lang='lat' dir='ltr'>ea</span> <span class='ocrx_word' id='word_1_311' title='bbox 495 3901 527 3943; x_wconf 89' lang='lat' dir='ltr'>re</span> <span class='ocrx_word' id='word_1_312' title='bbox 552 3884 667 3945; x_wconf 90' lang='lat' dir='ltr'>silentio</span> <span class='ocrx_word' id='word_1_313' title='bbox 689 3884 881 3962; x_wconf 82' lang='lat' dir='ltr'>hieronymus</span> <span class='ocrx_word' id='word_1_314' title='bbox 903 3889 1039 3965; x_wconf 87' lang='lat' dir='ltr'>exiguam</span> <span class='ocrx_word' id='word_1_315' title='bbox 1067 3886 1152 3946; x_wconf 86' lang='lat' dir='ltr'>iudam</span> <span class='ocrx_word' id='word_1_316' title='bbox 1179 3889 1285 3948; x_wconf 88' lang='lat' dir='ltr'>mereri</span> <span class='ocrx_word' id='word_1_317' title='bbox 1306 3887 1348 3946; x_wconf 86' lang='lat' dir='ltr'>vi-</span> 
     </span>
     <span class='ocr_line' id='line_1_34' title="bbox 183 3991 1347 4077; baseline 0.004 -26"><span class='ocrx_word' id='word_1_318' title='bbox 183 3991 294 4053; x_wconf 89' lang='lat' dir='ltr'>deatur.</span> <span class='ocrx_word' id='word_1_319' title='bbox 338 3991 411 4054; x_wconf 93' lang='lat' dir='ltr'>Nam</span> <span class='ocrx_word' id='word_1_320' title='bbox 434 4010 520 4072; x_wconf 84' lang='lat' dir='ltr'>quum</span> <span class='ocrx_word' id='word_1_321' title='bbox 542 3992 659 4054; x_wconf 91' lang='lat' dir='ltr'>divortii</span> <span class='ocrx_word' id='word_1_322' title='bbox 687 4005 820 4076; x_wconf 84' lang='lat' dir='ltr'>ternpore</span> <span class='ocrx_word' id='word_1_323' title='bbox 844 3997 979 4058; x_wconf 85' lang='lat' dir='ltr'>Terentia</span> <span class='ocrx_word' id='word_1_324' title='bbox 1002 3997 1145 4057; x_wconf 92' lang='lat' dir='ltr'>minimum</span> <span class='ocrx_word' id='word_1_325' title='bbox 1168 3999 1347 4077; x_wconf 86' lang='lat' dir='ltr'>quinquage-</span> 
     </span>
     <span class='ocr_line' id='line_1_35' title="bbox 183 4104 1349 4188; baseline 0.003 -26"><span class='ocrx_word' id='word_1_326' title='bbox 183 4104 264 4188; x_wconf 81' lang='lat' dir='ltr'>naria</span> <span class='ocrx_word' id='word_1_327' title='bbox 287 4113 383 4182; x_wconf 89' lang='lat' dir='ltr'>esset,</span> <span class='ocrx_word' id='word_1_328' title='bbox 413 4105 522 4183; x_wconf 87' lang='lat' dir='ltr'>qqupe</span> <span class='ocrx_word' id='word_1_329' title='bbox 544 4121 619 4182; x_wconf 83' lang='lat' dir='ltr'>qnae</span> <span class='ocrx_word' id='word_1_330' title='bbox 640 4106 695 4168; x_wconf 89' lang='lat' dir='ltr'>iam</span> <span class='ocrx_word' id='word_1_331' title='bbox 715 4109 792 4170; x_wconf 88' lang='lat' dir='ltr'>circa</span> <span class='ocrx_word' id='word_1_332' title='bbox 815 4125 917 4169; x_wconf 91' lang='lat' dir='ltr'>annum</span> <span class='ocrx_word' id='word_1_333' title='bbox 941 4111 991 4171; x_wconf 84' lang='lat'>79.</span> <span class='ocrx_word' id='word_1_334' title='bbox 1017 4127 1043 4169; x_wconf 88' lang='lat' dir='ltr'>a.</span> <span class='ocrx_word' id='word_1_335' title='bbox 1068 4107 1137 4169; x_wconf 87' lang='lat' dir='ltr'>Chr.</span> <span class='ocrx_word' id='word_1_336' title='bbox 1161 4128 1187 4169; x_wconf 92' lang='lat' dir='ltr'>n.</span> <span class='ocrx_word' id='word_1_337' title='bbox 1210 4108 1349 4170; x_wconf 89' lang='lat' dir='ltr'>Ciceroni</span> 
     </span>
     <span class='ocr_line' id='line_1_36' title="bbox 184 4211 1430 4298; baseline 0.004 -26"><span class='ocrx_word' id='word_1_338' title='bbox 184 4211 305 4273; x_wconf 81' lang='lat' dir='ltr'>I&#39;uIIIam</span> <span class='ocrx_word' id='word_1_339' title='bbox 329 4215 514 4292; x_wconf 87' lang='lat' dir='ltr'>peperisset,</span> <span class='ocrx_word' id='word_1_340' title='bbox 543 4217 625 4277; x_wconf 88' lang='lat' dir='ltr'>annis</span> <span class='ocrx_word' id='word_1_341' title='bbox 647 4227 704 4277; x_wconf 91' lang='lat' dir='ltr'>tam</span> <span class='ocrx_word' id='word_1_342' title='bbox 726 4219 819 4298; x_wconf 82' lang='lat' dir='ltr'>Impar</span> <span class='ocrx_word' id='word_1_343' title='bbox 841 4218 893 4278; x_wconf 93' lang='lat' dir='ltr'>iuit</span> <span class='ocrx_word' id='word_1_344' title='bbox 914 4217 1069 4295; x_wconf 87' lang='lat' dir='ltr'>Sallustio,</span> <span class='ocrx_word' id='word_1_345' title='bbox 1093 4227 1121 4277; x_wconf 93' lang='lat' dir='ltr'>ut</span> <span class='ocrx_word' id='word_1_346' title='bbox 1142 4220 1185 4297; x_wconf 80' lang='lat' dir='ltr'>i&#39;s,</span> <span class='ocrx_word' id='word_1_347' title='bbox 1215 4221 1268 4278; x_wconf 95' lang='lat' dir='ltr'>nisi</span> <span class='ocrx_word' id='word_1_348' title='bbox 1291 4220 1347 4280; x_wconf 91' lang='lat' dir='ltr'>sin·</span> <span class='ocrx_word' id='word_1_349' title='bbox 1419 4272 1430 4292; x_wconf 84' lang='grc'><strong>,</strong></span> 
     </span>
     <span class='ocr_line' id='line_1_37' title="bbox 183 4322 1347 4406; baseline 0.005 -24"><span class='ocrx_word' id='word_1_350' title='bbox 183 4322 302 4400; x_wconf 86' lang='lat' dir='ltr'>gulares</span> <span class='ocrx_word' id='word_1_351' title='bbox 325 4323 461 4400; x_wconf 85' lang='lat' dir='ltr'>quasdam</span> <span class='ocrx_word' id='word_1_352' title='bbox 485 4341 605 4386; x_wconf 88' lang='lat' dir='ltr'>caussas</span> <span class='ocrx_word' id='word_1_353' title='bbox 626 4326 758 4389; x_wconf 89' lang='lat' dir='ltr'>habuerit</span> <span class='ocrx_word' id='word_1_354' title='bbox 780 4328 951 4390; x_wconf 89' lang='lat' dir='ltr'>matrimonii</span> <span class='ocrx_word' id='word_1_355' title='bbox 976 4347 1040 4390; x_wconf 91' lang='lat' dir='ltr'>cum</span> <span class='ocrx_word' id='word_1_356' title='bbox 1063 4328 1113 4390; x_wconf 89' lang='lat' dir='ltr'>illa</span> <span class='ocrx_word' id='word_1_357' title='bbox 1133 4327 1264 4406; x_wconf 88' lang='lat' dir='ltr'>iucundi,</span> <span class='ocrx_word' id='word_1_358' title='bbox 1298 4329 1347 4388; x_wconf 87' lang='lat' dir='ltr'>vix</span> 
     </span>
    </p>
   </div>
   <div class='ocr_carea' id='block_1_3' title="bbox 0 0 1518 4852">
    <p class='ocr_par' dir='ltr' id='par_1_3' title="bbox 0 0 1518 4852">
     <span class='ocr_line' id='line_1_38' title="bbox 0 0 1518 4852; baseline 0 1"><span class='ocrx_word' id='word_1_359' title='bbox 0 0 1518 4852; x_wconf 95' lang='lat' dir='ltr'> </span> 
     </span>
    </p>
   </div>
  </div>
 </body>
</html>
