3028 4852
407 285 456 331 AD
478 286 502 332 1.
523 284 724 334 sefluuzwu
747 285 791 332 ET
816 285 946 333 LUDOV.
970 286 1135 336 wfflsluu.
1319 291 1357 336 IX

182 439 388 506 occasionem
404 437 614 526 praeberent,
633 437 731 527 plane
747 460 813 502 non
833 439 1038 523 attingerem.
1083 441 1134 504 Ae
1149 441 1254 508 verba
1268 449 1356 508 recte

183 557 367 643 intelligere
391 579 587 644 quamquam
607 559 642 622 in
665 557 804 622 lectione
825 565 973 622 veterum
994 560 1189 647 scriptorum
1214 562 1356 649 primum

182 687 248 760 est,
271 699 335 765 quo
357 675 506 762 neglecto
529 699 645 764 parum
672 675 731 741 illa
759 676 923 764 procedit,
951 684 1061 744 tamen
1090 680 1125 744 in
1150 679 1263 746 verbis
1291 702 1357 745 non

183 797 297 885 putavi
311 795 512 860 haerendum
534 818 621 878 esse,
646 795 705 861 sed
724 817 837 882 parem
856 804 953 882 atquc
972 797 1037 862 illis
1056 821 1168 889 curam
1187 801 1285 890 etiam
1307 822 1357 865 re-

184 917 247 982 bus
266 914 485 980 adhibendam
492 964 501 997 ,
531 915 565 979 in
587 936 652 1002 quo
673 913 709 978 id
729 915 873 979 maxime
904 917 1067 1002 spectavi,
1089 926 1142 1000 ut,
1172 919 1228 1005 qui
1253 918 1357 984 Sallu-

185 1037 283 1101 stium
305 1034 433 1120 legant,
456 1034 644 1099 nniversam
661 1056 795 1122 operum
816 1034 955 1099 formam
974 1036 1083 1101 animo
1099 1035 1272 1124 complecti
1284 1035 1358 1125 pos·

108 1209 110 1216 ,
186 1155 266 1238 sint,
299 1176 406 1241 neque
440 1153 579 1240 singulis
610 1153 780 1240 particulis
814 1154 935 1238 magis,
968 1155 1057 1241 quod
1088 1155 1177 1220 haud
1202 1178 1277 1222 raro
1309 1155 1356 1240 fit,

185 1296 282 1362 quam
301 1275 361 1338 toti
383 1273 474 1360 operi
497 1271 616 1336 intenti
637 1270 712 1334 sint.

239 1476 245 1490 Ι
271 1392 368 1474 Quod
388 1390 574 1472 consilium,
596 1412 662 1454 non
684 1389 818 1473 inutile,
840 1399 877 1455 ut
899 1393 1030 1479 opinor,
1061 1401 1093 1458 et
1113 1392 1286 1458 multornm
1307 1415 1358 1459 as-

186 1536 286 1579 sensu
295 1510 556 1598 comprobatum,
578 1531 677 1596 quum
691 1531 749 1596 per
760 1533 794 1573 se
810 1509 966 1575 invitaret
984 1511 1026 1575 ad
1041 1514 1151 1578 studia
1164 1535 1235 1577 mea
1250 1513 1357 1578 denuo

186 1632 342 1699 Sallustio
362 1628 517 1711 dicanda,
545 1636 614 1692 tum
642 1627 708 1692 alia
734 1649 851 1693 caussa
873 1631 1027 1714 accessit,
1051 1653 1135 1717 quae
1157 1655 1225 1715 me,
1246 1641 1283 1695 ut
1299 1633 1357 1696 im-

185 1755 279 1841 pigre
311 1750 348 1814 id
375 1769 608 1837 persequerer,
638 1746 810 1834 permovit.
873 1747 966 1828 Quae
994 1747 1072 1812 olim
1102 1751 1188 1816 enim
1216 1759 1285 1814 tum
1316 1751 1356 1815 de

186 1867 425 1937 constituendis
451 1863 598 1929 Sallustii
624 1865 745 1949 verbis,
775 1875 845 1930 tum
867 1865 907 1932 de
930 1866 1135 1954 explicandis
1163 1877 1357 1934 commenta-

186 2001 240 2055 tus
263 2009 352 2069 sum,
367 1991 493 2048 tantum
512 1980 618 2065 abest,
641 1991 677 2047 ut
695 1984 775 2050 mihi
794 1992 970 2050 etiamnum
985 1986 1165 2075 probentur
1183 1990 1307 2071 omnia,
1322 1996 1358 2052 ut

187 2109 254 2174 alia
274 2125 407 2194 prorsus
430 2102 529 2186 falsa,
548 2102 614 2167 alia
633 2102 740 2168 minus
754 2112 861 2187 recta,
879 2105 944 2170 alia
965 2129 1080 2194 parum
1093 2107 1263 2172 commoda
1284 2129 1357 2172 esse

186 2225 416 2292 intellexerim.
456 2224 603 2305 Quorum
631 2223 749 2309 partim
768 2223 839 2309 ipse
857 2226 981 2310 reperi,
999 2226 1069 2290 dies
1089 2227 1176 2292 enim
1196 2227 1283 2291 diem
1301 2226 1356 2290 do-

188 2354 248 2428 cet,
271 2343 373 2410 multo
393 2343 488 2433 pfllra
501 2364 553 2406 me
564 2342 711 2408 virorum
728 2340 912 2425 doctorum,
936 2347 992 2431 qui
1014 2354 1087 2432 post
1102 2368 1154 2410 me
1166 2344 1356 2412 Sallustium

186 2465 376 2547 ediderunt,
394 2464 549 2529 intentior
567 2482 646 2525 cura
656 2468 688 2524 et
699 2462 934 2546 pervestigatio
948 2462 1090 2528 edocuit.
1125 2463 1179 2529 Ex
1193 2466 1235 2530 iis
1251 2468 1356 2553 primo

187 2587 258 2650 loco
284 2582 365 2647 mihi
388 2581 606 2646 nominandus
627 2586 676 2642 est
704 2576 946 2666 Rudolphus
970 2579 1228 2667 Dietschius,
1263 2585 1355 2648 cuius

187 2704 308 2769 eximia
328 2703 451 2766 latinae
478 2700 611 2784 linguae
640 2697 793 2779 seientia,
823 2698 1076 2784 diligentissima
1097 2701 1288 2767 Sallustiani
1308 2703 1357 2768 di-

186 2822 281 2888 cendi
298 2843 377 2886 usus
400 2819 604 2898 observatio,
630 2814 800 2880 subactum
811 2817 845 2880 in
858 2839 893 2881 re
914 2818 1028 2882 critica
1044 2818 1216 2903 iudicium,
1236 2823 1355 2886 incom-

186 2941 344 3029 parabilis
357 2940 393 3002 in
407 2934 580 3002 enotandis
600 2927 836 2999 vocabulorum
847 2936 1035 3000 notionibus
1050 2937 1195 3018 sollertia
1207 2938 1355 3026 plurimis

188 3081 239 3121 me
252 3057 331 3120 locis
338 3104 347 3137 ,
360 3055 419 3118 ubi
434 3075 454 3117 a
470 3075 550 3117 vero
561 3053 806 3136 aberraveram,
822 3055 856 3117 in
869 3063 991 3148 rectam
1003 3057 1090 3122 viam
1103 3057 1243 3122 reduxit.
1279 3059 1357 3125 Alia

189 3173 288 3240 debui
310 3170 534 3266 Wilhelmo
556 3170 707 3254 Fabro,
736 3173 807 3236 viro
832 3181 1004 3238 accuratae
1033 3177 1201 3242 doctrinae
1221 3179 1355 3265 optime·
1384 3161 1386 3172 ¹

186 3315 249 3381 que
284 3290 324 3356 de
357 3289 511 3356 Sallustio
543 3292 669 3356 meritc.
724 3289 877 3376 Denique
911 3295 1162 3362 novissimorum
1195 3297 1356 3363 editorum

185 3409 393 3498 Rudolphi
421 3409 606 3476 Iacobsii
638 3419 670 3474 et
700 3411 881 3475 Gustavi
915 3411 1091 3479 Linkeri
1127 3420 1289 3502 sagacitas
1323 3425 1356 3482 et

185 3553 321 3596 acumen
341 3529 523 3615 complures
546 3530 634 3596 locos
655 3529 838 3617 expedivit,
862 3531 897 3592 in
911 3532 1030 3616 quibus
1049 3533 1172 3600 frustra
1186 3535 1355 3602 laborave-

185 3671 264 3713 ram.
312 3646 420 3727 Quum
442 3649 559 3732 igitur,
585 3672 668 3737 quae
691 3650 856 3735 inpriore
879 3648 1021 3714 editione
1044 3674 1110 3717 non
1138 3654 1277 3742 amplius
1305 3679 1354 3720 sa-

185 3769 392 3848 tisfacerent,
410 3776 534 3832 mutata
552 3790 721 3856 cuperem,
744 3789 811 3831 non
833 3764 939 3830 solum
963 3766 1005 3832 ab
1029 3769 1103 3836 aliis
1126 3775 1262 3840 inventa
1280 3775 1354 3840 reli·

184 3888 276 3972 giose
298 3887 333 3949 in
355 3908 463 3949 meum
483 3907 579 3950 usum
596 3888 759 3970 converti,
785 3885 844 3950 sed
870 3884 998 3971 reliqua
1025 3893 1134 3955 omnia
1159 3893 1202 3957 ad
1223 3915 1354 3959 accura-

185 4015 252 4070 tam
273 4026 444 4070 censuram
470 4007 589 4070 vooavi
614 4008 726 4094 itaque
755 4006 969 4094 pertractavi,
999 4019 1035 4074 ut
1063 4011 1225 4076 confidam
1250 4022 1353 4078 matu-

184 4125 302 4189 riorem
326 4123 490 4211 quandam
518 4131 550 4187 et
576 4125 830 4195 emendatiorem
857 4132 920 4196 hac
946 4132 1170 4216 recognitione
1189 4132 1354 4219 prodiisse

175 4245 324 4329 operam.
371 4241 498 4322 Quibus
521 4242 561 4308 de
585 4247 711 4310 caussis
732 4256 841 4338 autern
863 4253 1002 4336 singulis
1025 4251 1105 4315 locis
1121 4272 1141 4313 a
1158 4252 1267 4338 priore
1286 4251 1352 4316 edi-

181 4362 270 4426 tione
292 4362 514 4447 discesserim,
530 4385 690 4449 nusquam
706 4369 858 4453 exposui,
883 4369 941 4434 sed
958 4368 994 4433 id
1005 4370 1074 4455 egi,
1096 4378 1133 4434 ut
1152 4368 1262 4438 ubivis
1277 4372 1350 4458 ipsa
