3028 4852
321 404 325 418 ,
358 337 419 383 ,AD
444 335 465 381 l.
490 331 753 382 sensualdum
776 329 906 378 LUDOV.
926 326 1092 376 wlnslsn.
1270 325 1308 372 xl

138 493 343 582 quaestiones
372 487 551 570 movendo,
583 486 638 550 vel
665 487 807 552 rationes
837 480 1047 570 explicando,
1082 479 1134 542 vel
1163 477 1309 542 breviter

139 610 322 697 significata
342 607 477 672 uberius
499 605 726 694 persequendo
748 609 943 690 proponant.
991 599 1089 664 Certe
1111 597 1234 684 peritus
1254 595 1309 660 do-

138 730 232 794 cendi
252 735 444 815 praeceptor
464 727 505 790 iis
523 725 696 807 insistens,
718 723 837 809 quibus
859 721 1049 786 Sallustium
1062 717 1228 782 illustrare
1245 723 1310 780 stu-

137 849 206 932 dui,
219 848 393 936 plurimam
415 843 549 908 habcbit
561 844 687 930 copiam
706 843 833 927 ingenii
844 839 1076 927 discipulorum
1091 834 1257 900 excitandi
1278 843 1311 899 et

136 967 179 1032 ad
197 973 384 1031 accuratam
412 963 545 1049 linguae
571 961 692 1025 latinae
720 962 942 1048 cognitionem
968 956 1182 1039 informandi,
1204 977 1310 1042 neque

136 1087 197 1152 hoc
226 1083 408 1152 verendum
437 1083 513 1166 erit,
546 1103 603 1164 ne,
629 1101 713 1167 quae
745 1079 933 1146 adiuvando
961 1087 1058 1166 atque
1085 1073 1308 1164 promovendo

30 1195 33 1199 ’
135 1205 318 1271 intellectui
340 1204 503 1267 destinata
525 1208 616 1283 sunt,
639 1200 843 1288 torpedinem
858 1202 967 1286 potius
989 1221 1086 1286 quarn
1108 1195 1310 1262 alacritatem

135 1325 279 1412 ingeniis
302 1321 467 1404 iniiciant3
490 1339 566 1383 nam
589 1321 645 1407 qui
667 1328 800 1408 sperent
818 1319 960 1384 subitum
978 1341 1013 1382 se
1027 1318 1062 1381 in
1081 1316 1201 1382 scholis
1216 1336 1309 1404 prae-

136 1444 258 1509 sidium
287 1442 441 1528 ignaviae
470 1459 548 1502 suae
562 1416 630 1503 'aut
657 1440 807 1504 inscitiae
835 1439 1083 1504 occultationem
1107 1459 1150 1502 ex
1176 1445 1310 1500 annota-

136 1562 285 1629 tionibus
304 1582 462 1647 quaerere
475 1581 587 1645 posse,
611 1558 664 1623 vel
679 1559 828 1645 plurimis
844 1558 897 1622 vel
915 1558 1065 1623 omnibus
1087 1557 1167 1622 locis
1190 1555 1311 1642 oppido

136 1684 303 1749 fallantur.
338 1679 489 1743 Alterum
505 1698 610 1764 genus
622 1686 673 1743 est
687 1701 754 1743 non
768 1677 1024 1744 adolescentium
1040 1659 1158 1740 litteris
1176 1697 1311 1763 operam

138 1804 302 1885 dantium,
324 1799 383 1864 sed
404 1799 566 1882 virorum,
590 1799 645 1884 qui
671 1798 844 1885 ingyrum
865 1799 1071 1884 negotiorum
1096 1796 1257 1883 compulsi
1279 1803 1312 1858 et

138 1923 283 1986 muneris
305 1917 572 2005 occupationibus
592 1917 726 1982 distenti
746 1925 858 1982 tamen
871 1917 1039 2002 ingenium
1055 1925 1239 2002 torpescere
1255 1934 1312 1977 no·

142 2040 229 2122 lunt,
253 2039 311 2103 sed
333 2039 431 2103 insito
452 2046 600 2104 veterum
624 2046 793 2101 auctorum
814 2059 926 2100 amore
951 2036 1041 2102 ducti
1065 2035 1108 2099 ad
1132 2032 1313 2098 refovenda
1352 2097 1367 2124 γ,

142 2158 348 2244 antiquitatis
372 2157 479 2222 studia
497 2166 628 2246 praeter
650 2157 733 2222 alios
756 2156 931 2243 scriptores
948 2156 1047 2220 etiarn
1062 2153 1252 2218 Sallustium
1269 2149 1312 2214 ad

140 2300 256 2343 manus
282 2299 410 2342 sumere
442 2278 593 2364 cupiunt,
617 2300 681 2365 quo
708 2276 848 2361 legendo
877 2277 1021 2340 animum
1040 2281 1203 2339 recreent.
1252 2271 1311 2335 Νί-

141 2397 189 2461 hil
211 2398 380 2462 honestius
404 2397 464 2461 hoc
486 2419 607 2482 genero
629 2419 667 2460 ac
689 2396 785 2460 laude
806 2395 948 2482 dignius.
1001 2393 1067 2459 Sed
1095 2394 1123 2458 si
1150 2391 1312 2456 nihilomi-

140 2541 203 2582 nus
223 2518 393 2604 pauciores
417 2516 580 2581 desiderio
603 2539 661 2580 suo
688 2515 912 2599 satisfaciunt,
941 2535 1058 2579 caussa
1085 2515 1156 2577 eius
1177 2513 1225 2576 rei
1247 2534 1313 2575 non

139 2638 175 2700 in
197 2637 295 2723 ipsis,
326 2636 384 2701 sed
412 2637 446 2699 in
478 2637 685 2700 incommoda
706 2635 899 2718 editionum,
930 2633 1048 2721 quibus
1070 2633 1119 2697 uti
1141 2640 1311 2716 coguntur,

140 2755 334 2821 condicione
354 2757 461 2841 posita
484 2764 544 2819 est.
588 2755 730 2820 Tantum
746 2756 832 2819 enim
848 2753 956 2837 abest,
981 2760 1017 2816 ut
1038 2751 1165 2816 idoneis
1189 2751 1232 2814 ad
1256 2773 1312 2815 au-

140 2885 264 2942 ctorem
286 2875 356 2938 sine
377 2874 527 2939 molestia
549 2874 799 2959 intelligendum
815 2871 1022 2938 adminiculis
1045 2873 1242 2954 excitentur,
1277 2878 1312 2934 ut

139 2997 261 3059 mirum
281 3017 348 3058 non
377 2995 434 3076 sit,
464 2995 493 3056 si
515 2993 568 3058 vel
598 2992 745 3058 incidant
774 2994 809 3058 in
831 2993 979 3078 spinosas
1009 2991 1245 3078 disputationes
1269 2989 1310 3054 de

141 3113 245 3179 variis
261 3110 472 3195 lectionibus,
493 3111 547 3176 vel
562 3112 595 3173 in
616 3111 724 3195 longis
737 3109 983 3198 quaestionibus
1005 3110 1224 3194 grammaticis
1238 3109 1313 3173 hae-

140 3253 215 3297 rere
230 3238 403 3315 cogantur,
424 3228 563 3316 delocis
582 3240 691 3296 autem
707 3229 898 3296 difficilibus
921 3227 1043 3292 frustra
1062 3227 1312 3313 explicationem

143 3356 318 3437 quaerant,
342 3349 439 3416 valde
462 3373 517 3416 eos
540 3329 746 3437 refrigerari,
770 3358 801 3414 et
824 3349 1013 3436 plerumque
1040 3347 1185 3412 taedium
1208 3349 1313 3432 magis

143 3491 241 3555 quam
264 3469 465 3554 voluptatem
485 3493 528 3535 ex
548 3471 697 3535 instituta
724 3469 863 3533 lectione
891 3490 1018 3555 capere.
1066 3468 1128 3530 His
1151 3468 1252 3551 igitur
1275 3467 1313 3548 si,

44 3663 50 3674 ‚
142 3597 300 3676 quantum
311 3610 457 3676 possem,
471 3590 678 3655 subvenirem
691 3596 723 3652 et
735 3565 932 3673 simpliciore
945 3608 1047 3673 eaque
1058 3587 1163 3670 magis
1179 3585 1314 3650 astricta

143 3708 380 3793 interpretandi
411 3709 538 3772 ratione
567 3730 679 3773 eorum
708 3707 824 3772 studiis
851 3707 1070 3788 consulerem,
1097 3725 1214 3790 operae
1241 3727 1313 3789 pre-

141 3827 224 3890 tium
245 3849 297 3890 me
319 3827 440 3892 fecisse
462 3829 586 3914 putavi.

230 3945 323 4010 Haec
343 3947 413 4011 fere
442 3955 533 4030 sunt,
557 3969 640 4034 quae
663 3947 782 4029 Vobis,
804 3945 878 4009 Viri
898 3942 1131 4025 illustrissimi,
1161 3943 1201 4007 de
1222 3944 1313 4007 insti-

144 4067 206 4130 tuti
235 4065 300 4128 mei
329 4066 465 4130 consilio
491 4064 636 4130 breviter
658 4064 852 4153 exponenda
879 4061 988 4126 habui.
1042 4061 1159 4147 Opella
1181 4083 1254 4124 mea
1276 4069 1313 4126 ut

145 4193 232 4249 certe
254 4184 296 4249 ab
310 4192 446 4251 externa
461 4186 585 4272 specie,
606 4184 791 4249 chartarum
812 4182 958 4247 bonitate
981 4189 1013 4244 et
1034 4189 1186 4266 typorum
1208 4181 1313 4245 nitore

146 4304 277 4387 effecta,
311 4303 455 4391 aliquam
489 4304 803 4372 commendationem
841 4299 991 4383 haberet,
1023 4299 1221 4385 bibliopolae
1258 4288 1313 4363 ho'-

145 4425 324 4488 nestissimi
337 4419 537 4487 liberalitate
549 4424 715 4512 provisum
739 4429 797 4483 est.
844 4419 950 4498 Quam
972 4420 1097 4483 formae
1118 4417 1313 4502 elegantiam
