3070 4852
240 287 301 350 180
647 291 678 340 o.
702 291 871 340 succussu
895 289 1009 338 oa1sr1
1479 283 1480 366 p

242 454 411 531 sagittarios
433 450 584 530 dispertit,
613 448 769 527 equitatum
793 465 906 507 omnem
929 447 957 505 in
981 445 1118 506 cornibus
1141 445 1237 523 locat,
1270 465 1311 506 ac
1338 465 1438 526 pauca

243 581 297 643 pro
318 572 451 640 tempore
474 559 580 620 militas
603 559 750 635 hortatus,
779 558 890 634 aciem,
919 557 994 616 sicut
1015 557 1208 634 instruxerat,
1238 559 1438 618 transvorsis

130 719 138 734 .
243 673 394 753 principiis
416 672 445 730 in
466 671 581 750 planum
601 669 726 730 deducit.

326 784 359 844 L.
404 781 463 842 Sed
485 780 534 840 ubi
555 779 694 841 Numidas
718 781 834 857 quietos
861 797 957 859 neque
981 777 1059 838 colle
1086 777 1208 855 degredi
1235 779 1436 840 animadvor-

239 894 291 971 tit,
320 894 430 979 veritus
458 911 496 951 ex
517 891 583 951 anni
607 899 742 968 tempore
772 899 801 949 et
821 891 919 969 inopia
948 908 1058 968 aquae,
1086 907 1122 948 ne
1145 891 1191 949 siti
1220 891 1435 950 conficeretur

242 1005 407 1079 exercitus,
430 1001 567 1062 Rutilium
585 1000 712 1077 legatum
734 1018 797 1060 cum
817 1000 962 1079 expeditis
984 998 1154 1060 cohortibus
1178 1009 1207 1059 et
1230 1009 1321 1078 parte
1349 1004 1433 1080 equi·

242 1125 300 1174 tum
319 1113 468 1193 praemisit
487 1111 523 1172 ad
546 1111 665 1188 llumen,
689 1112 727 1170 nti
749 1110 845 1170 locum
869 1111 972 1170 castris
995 1119 1199 1188 antecaperet,
1227 1112 1430 1188 existumans,
1481 1082 1482 1156 Ῐ

243 1225 334 1284 hostis
358 1222 464 1284 crebro
487 1223 596 1300 impetu
619 1229 648 1280 et
670 1222 847 1280 transvorsis
870 1219 992 1300 proeliis
1022 1221 1078 1280 iter
1100 1239 1181 1279 suurn
1203 1231 1429 1296 remoraturos,
1481 1201 1482 1208 ἵ

243 1345 272 1394 et
292 1332 426 1412 quoniam
448 1333 535 1390 armis
562 1330 742 1407 diiliderent,
772 1330 968 1391 lassitudinem
995 1339 1025 1390 et
1051 1331 1125 1389 sitim
1152 1330 1272 1390 militurn
1298 1340 1430 1391 tentatu-

169 1503 184 1526 ,
242 1460 303 1503 ros.
346 1439 461 1500 Deinde
487 1443 552 1519 ipse
582 1457 636 1518 pro
666 1460 698 1500 re
732 1449 820 1519 atque
848 1440 933 1518 loco,
967 1441 1051 1500 sicuti
1081 1450 1179 1500 moute
1207 1440 1453 1518 descenderat?

243 1553 379 1632 paulatim
402 1549 585 1630 procedere,
612 1550 731 1610 hiarium
760 1559 826 1629 post
848 1550 991 1629 principia
1014 1548 1137 1628 habere,
1166 1553 1231 1630 ipsc
1258 1571 1329 1612 curn
1357 1553 1429 1611 sini-

243 1672 321 1724 strae
344 1662 409 1724 alae
436 1659 581 1738 equitibus
605 1677 689 1736 esse,
718 1662 814 1738 quiin
837 1661 951 1737 agmine
973 1659 1122 1739 principes
1145 1659 1213 1720 iacti
1236 1671 1337 1722 erant.
1390 1663 1453 1722 Att

240 1773 393 1851 Iugurtha,
416 1771 464 1832 ubi
487 1779 646 1830 extremum
671 1787 776 1848 agmen
798 1769 909 1830 Metelli
933 1771 1041 1849 primos
1066 1787 1136 1830 suos
1159 1780 1430 1850 praetergressum

241 1883 336 1962 videt,
365 1882 514 1963 praesidio
538 1881 619 1959 quasi
648 1879 732 1939 duum
754 1871 860 1938 milium
883 1879 1011 1958 peditum
1036 1889 1162 1940 montem
1184 1891 1333 1960 occupat,
1369 1903 1429 1962 qua

240 1994 375 2055 hletellus
403 1989 611 2067 descenderat,
641 2009 678 2050 ne
707 1989 784 2048 iorte
813 1985 984 2048 cedentibus
1012 1989 1189 2050 advorsariis
1216 1995 1358 2072 receptui
1392 2013 1428 2052 ac
1482 1997 1483 2000 ’

243 2112 311 2182 post
327 2105 502 2165 munimento
526 2103 618 2170 loret;
646 2099 713 2159 dein
734 2105 858 2176 repente
880 2100 966 2175 signo
986 2098 1052 2159 dato
1075 2100 1169 2160 hostis
1191 2101 1311 2162 invadit.
1359 2104 1447 2162 Nut

243 2213 336 2273 midae
360 2213 407 2271 alii
432 2222 599 2290 postremos
629 2209 769 2285 caedere,
800 2225 870 2287 pars
896 2227 911 2267 a
932 2208 1048 2268 sinistra
1074 2227 1111 2269 ac
1140 2210 1261 2272 dextera
1287 2221 1425 2290 tentare,

237 2323 348 2382 'infensi
368 2321 473 2381 adesse
495 2331 581 2401 atque
602 2322 727 2396 instare,
748 2318 881 2379 omnibus
899 2318 974 2378 locis
992 2319 1187 2382 Romanorum
1206 2321 1330 2385 ordines
1351 2343 1424 2384 con-

244 2429 377 2506 turbare,
400 2447 521 2508 quorum
545 2431 629 2491 etiam
652 2430 701 2509 qui
721 2429 895 2489 firmioribus
914 2429 1015 2488 animis
1034 2430 1113 2490 obvii
1135 2431 1267 2492 hostibus
1289 2431 1423 2512 luerent,

242 2538 381 2599 ludificati
410 2540 523 2600 incerto
550 2539 683 2620 proelio,
719 2540 775 2618 ipsi
802 2538 889 2598 modo
922 2539 1032 2598 eminus
1061 2541 1280 2619 sauciabantur,
1318 2563 1421 2623 neque

243 2658 344 2710 contra
373 2651 496 2712 feriundi
524 2659 571 2711 aut
600 2648 775 2710 conserendi
803 2666 915 2708 manum
939 2650 1025 2726 copia
1048 2661 1124 2721 erat;
1154 2661 1220 2712 ante
1248 2653 1305 2712 iam
1338 2654 1445 2714 doctis

240 2758 278 2819 ab
301 2760 438 2840 Iugurtha
462 2764 593 2840 equites,
616 2758 779 2837 ubicunqne
798 2758 994 2818 Romanorum
1012 2767 1103 2820 turma
1121 2761 1234 2840 insequi
1259 2774 1420 2842 coeperat,
1483 2833 1484 2854 ,

241 2890 299 2942 uon
323 2874 477 2934 confertim
498 2890 594 2950 neque
615 2871 643 2929 in
664 2887 749 2928 unum
771 2887 838 2928 sese
861 2868 1059 2946 recipiebant,
1083 2869 1135 2930 sed
1158 2871 1230 2931 alius
1248 2872 1307 2932 ¹alio
1329 2891 1420 2952 quam
1483 2859 1484 2912 3

239 3000 372 3044 maxume
394 2983 515 3044 divorsi.
559 2979 602 3040 lta
626 2995 746 3039 numero
766 2979 897 3055 priores,
920 2979 944 3036 si
964 2977 1000 3038 ab
1019 2981 1225 3059 persequendo
1249 2981 1346 3042 hostis
1366 2983 1445 3044 de-tt

240 3187 351 3253 aequali
368 3187 441 3236 linea
454 3201 515 3236 eum
528 3184 599 3235 colle
615 3184 805 3248 procederent,
847 3186 951 3232 essent:
972 3197 1025 3247 quo
1038 3183 1090 3233 iter
1108 3185 1245 3249 inceptum
1260 3185 1296 3236 ad
1314 3185 1419 3236 flumen

241 3282 326 3330 eoque
343 3273 459 3326 apertum
475 3267 541 3312 lance
559 3263 675 3320 dextrum
693 3260 806 3324 praebe·
846 3265 1066 3324 persequeretur,
1090 3277 1182 3311 narsus
1201 3277 1247 3312 eos
1265 3264 1306 3312 ita
1322 3264 1418 3316 inver-

241 3349 301 3392 rent
315 3340 456 3402 Numidis,
476 3339 522 3403 qui
536 3337 631 3388 collem
646 3341 804 3388 transverso
846 3335 895 3398 tit,
915 3341 960 3400 ut,
982 3339 1027 3402 qui
1041 3340 1120 3390 modo
1138 3339 1201 3390 colli
1219 3341 1328 3392 obversi
1348 3344 1419 3393 fuis-

170 3413 172 3418 ’
241 3421 499 3481 itinereporrectum
507 3417 665 3466 insederant
672 3415 805 3481 (oi.§.1.),
848 3417 917 3475 pent,
937 3415 991 3463 iam
1009 3417 1105 3467 collem
1120 3433 1136 3466 a.
1151 3418 1264 3468 dextera
1278 3418 1416 3472 habentes

240 3500 305 3558 iam,
323 3495 449 3545 hostibus
464 3493 634 3557 conspectis,
652 3496 677 3543 in
689 3495 804 3544 deutrum
847 3490 881 3539 ad
900 3492 999 3543 flumen
1017 3497 1186 3546 accederent.

240 3569 804 3636 inconvenienter,quofisbauutctpri·
881 3595 956 3648 L.1.
980 3613 1015 3648 θῶ
1033 3599 1093 3648 amu·
1108 3595 1228 3662 tmpore]
1256 3611 1296 3647 ⁸0.
1317 3605 1415 3650 aestas

238 3671 280 3716 mo
299 3654 368 3702 acies
386 3651 445 3700 sive
463 3650 539 3714 frons
557 3664 611 3699 uon
628 3649 743 3714 amplius
757 3649 805 3698 flu·
847 3676 915 3722 emp·

240 3733 299 3795 vio,
325 3729 372 3781 sed
394 3730 464 3791 colli,
487 3726 558 3776 uude
576 3727 667 3819 hostis.
684 3727 805 3818 immine·
881 3767 1035 3815 transvorsis
1048 3747 1167 3833 proeliis]
1191 3767 1199 3816 ἰ
1224 3784 1239 3818 e
1262 3768 1369 3834 impetu
1389 3775 1417 3824 in

239 3812 297 3873 bat,
317 3809 519 3868 obsonatumst,
538 3810 574 3868 et,
595 3823 642 3870 qur
660 3822 687 3854 an
703 3808 804 3895 sinestra
845 3840 919 3893 latus
936 3843 1020 3893 facto·
1202 3805 1208 3818 ⁸
1241 3804 1247 3819 '

239 3905 324 3942 ΜΠ
348 3888 471 3948 fuerant’
492 3887 624 3950 primm
646 3885 674 3934 in
697 3898 804 3948 agmme
882 3939 1054 3987 lassitudinem
1069 3963 1103 3972 -
1122 3935 1272 4004 tentaturos]
1295 3939 1314 3988 i.
1327 3954 1351 3990 e.
1370 3958 1416 3992 ex-

236 3970 335 4022 fierent
356 3965 403 4031 (ci.
421 3963 464 4026 50,
484 3962 535 4027 2.).
1184 4017 1191 4028 ,
1244 4017 1249 4029 ,
1398 4023 1405 4033 ,

846 4021 983 4080 pertusos,
1003 4031 1038 4065 an
1056 4030 1105 4078 per
1124 4013 1313 4066 lassitudinem
1333 4023 1361 4067 et
1381 4037 1417 4070 sr-

271 4101 321 4148 pro
340 4077 460 4146 tempore]
486 4095 513 4130 v.
536 4079 570 4128 ad
589 4079 650 4142 lug.
668 4076 713 4139 lla
731 4077 755 4126 ¹·
846 4093 895 4142 tim
914 4093 1030 4143 militnm
1049 4093 1102 4143 sihi
1118 4107 1200 4142 casus
1217 4095 1351 4146 victoriae
1369 4099 1416 4148 da-

275 4193 430 4242 transcursis
437 4188 579 4255 principiis]
592 4188 805 4253 PostquamMe-
846 4174 930 4220 feim-

239 4269 320 4319 tellus
340 4285 436 4332 agmen
459 4283 536 4317 suum
561 4267 601 4314 ita
622 4271 805 4317 commutave-
881 4265 907 4315 3.
932 4267 1007 4328 qatosi
1023 4263 1096 4312 daurom
1115 4262 1214 4328 milium]
1244 4277 1271 4313 v.
1293 4264 1331 4316 ad
1349 4267 1413 4334 Ing.

235 4351 297 4406 rat,
321 4350 351 4394 ut
375 4345 483 4395 ordines
509 4343 536 4390 in
560 4340 652 4410 hostes
677 4341 804 4392 conversi
845 4342 896 4403 48,
916 4341 942 4392 3.
