3070 4852
489 324 683 372 rossanus.
712 323 743 372 c.
766 323 846 372 cxv,
870 325 964 372 nxvr.
1251 313 1311 374 195

130 479 259 539 Romam
281 478 317 538 ad
340 497 410 539 suos
432 481 617 540 necessarios
643 497 751 558 aspere
777 482 806 540 in
829 479 977 541 lletellum
1000 481 1036 541 de
1062 479 1143 540 bello
1169 479 1310 556 scribant,

40 611 43 646 ι
96 589 259 648 5ltlarium
281 590 487 668 imperatorem
510 599 643 669 poscant.
689 591 739 650 Sic
760 590 801 649 illi
822 609 838 650 a
859 591 954 650 multis
976 590 1147 652 mortalibus
1165 590 1309 650 lronestis·

130 717 216 759 suma
243 699 452 788 suffragatione
476 701 642 761 consulatus
671 699 842 780 petebatur;
873 701 956 760 simul
988 719 1021 761 ea
1045 709 1218 778 tempestate
1248 701 1310 780 ple·

39 839 40 868 r
130 809 204 886 bes,
242 807 391 869 nobilitate
423 810 487 870 lusa
518 829 573 889 per
600 811 698 887 legem
725 810 895 889 Mamiliam,
923 807 1018 870 novos
1046 808 1217 870 extollebat.
1267 809 1309 870 lta

130 918 228 978 ltlario
253 928 356 1008 cuncta
382 920 557 998 procedere.

185 1041 187 1046 '
220 1005 321 1091 tnui.
365 1029 483 1089 lnterim
508 1029 661 1108 Iugurtha,
698 1039 853 1109 postquam
881 1030 987 1090 omissa
1016 1026 1164 1088 deditione
1197 1025 1305 1088 bellum

38 1199 39 1204 ,
131 1139 251 1218 incipit,
284 1157 347 1198 cum
375 1157 478 1217 magna
501 1145 571 1199 'cura
596 1157 700 1217 parare
723 1140 835 1216 omnia,
866 1139 1020 1216 festinare,
1050 1153 1162 1213 cogere
1192 1138 1307 1198 exerci-

38 1281 41 1318 r
132 1259 211 1328 tum,
248 1250 387 1326 civitatis,
421 1267 497 1328 quae
530 1248 566 1307 ab
595 1266 628 1306 se
656 1247 843 1326 deiecerant,
876 1249 1030 1310 formidine
1060 1259 1107 1309 aut
1135 1250 1309 1311 ostentando

132 1360 266 1439 praemia
284 1359 441 1435 allectare,
464 1359 641 1418 communire
663 1374 733 1418 suos
753 1357 853 1436 locos,
873 1376 968 1436 arma,
988 1359 1060 1436 tela,
1083 1358 1213 1438 aliaque,
1234 1379 1309 1439 quae

38 1505 40 1540 r
135 1487 193 1547 spe
221 1468 304 1548 pacis
331 1469 486 1544 amiserat,
515 1470 640 1528 relucere
663 1476 710 1528 aut
739 1468 945 1544 commercari,
973 1471 1090 1530 servitia
1113 1469 1308 1530 Romanorum

37 1597 38 1650 r
135 1577 277 1654 allicere,
308 1588 337 1638 et
365 1597 419 1640 eos
446 1580 543 1659 ipsos,
579 1581 626 1658 qui
657 1578 684 1636 in
714 1577 867 1656 praesidiis
895 1589 991 1658 erant,
1027 1581 1149 1659 pecunia
1177 1588 1307 1648 tentarer

37 1727 39 1762 ,
103 1707 259 1768 2prorsus
288 1689 357 1749 nilril
385 1691 521 1750 intactum
550 1707 646 1767 neque
670 1688 795 1766 quietum
819 1689 894 1766 pati,
927 1698 1029 1749 cuncta
1052 1691 1173 1766 agitare.
1217 1689 1310 1765 lgitur

136 1799 308 1876 Vagenses,
332 1817 391 1878 quc
411 1799 548 1860 llletellus
570 1799 667 1875 initio,
687 1797 825 1874 Iugurtha
845 1800 1035 1878 pacificante,
1059 1796 1234 1875 praesidium
1257 1798 1306 1856 im·

135 1918 294 1986 posuerat,
329 1909 440 1986 fatigati
470 1911 552 1987 regis
580 1906 733 1986 suppliciis
762 1926 858 1987 neque
887 1917 971 1968 antea
1000 1904 1148 1966 voluntate
1177 1905 1306 1981 alienati,

36 2069 37 2072 ,
136 2019 288 2098 principes
317 2020 441 2078 civitatis
472 2021 547 2079 inter
575 2035 608 2076 se
639 2019 804 2087 coniurant;
834 2036 897 2078 nam
921 2015 1041 2092 volgus,
1073 2016 1111 2074 uti
1135 2013 1306 2093 plerumque

137 2127 230 2206 solet,
266 2139 295 2188 et
326 2148 458 2190 maxume
485 2127 684 2206 Numidarum,
717 2129 836 2205 ingenio
866 2123 984 2202 mobili,
1020 2124 1190 2184 seditiosum
1219 2133 1306 2202 atque

137 2237 348 2299 discordiosum
375 2249 451 2318 erat,
483 2239 616 2318 cupidum
645 2255 784 2298 novarum
807 2254 919 2312 rerum,
950 2234 1039 2312 quieti
1062 2243 1091 2294 et
1113 2234 1173 2295 otio
1202 2233 1307 2295 advor-

136 2365 208 2406 sum.
251 2348 343 2428 Dein,
369 2351 540 2429 compositis
557 2350 632 2410 inter
656 2366 688 2407 se
710 2347 815 2423 rebus,
837 2347 865 2404 in
888 2343 963 2404 diem
984 2346 1098 2406 tertium
1121 2344 1306 2422 constituunt,

138 2455 217 2534 qnod
242 2459 267 2518 is
293 2459 386 2521 iestus
416 2460 641 2537 celebratusque
664 2475 718 2535 per
744 2473 857 2515 omnem
878 2454 1009 2526 lllricam
1037 2454 1133 2516 ludum
1161 2464 1191 2515 et
1220 2454 1305 2514 lasci·

172 2649 369 2697 eantzcnrelianunr
381 2643 550 2709 insperatorr'c]
566 2644 584 2694 i.
599 2657 621 2693 e.
635 2657 697 2691 con·
774 2640 872 2690 LXVI.
885 2641 905 2690 l.
912 2640 1059 2707 famnida'ne]
1069 2657 1095 2692 v.
1110 2642 1144 2692 sd
1156 2643 1218 2706 Iug.
1227 2641 1270 2704 23,
1280 2641 1305 2694 l.

137 2728 202 2775 tum.
228 2727 262 2775 ab
286 2727 449 2792 imperatore
473 2724 527 2773 sibi
553 2723 696 2773 iacturum.
775 2717 807 2766 ab
824 2714 863 2781 se]
882 2733 908 2766 v.
928 2718 963 2768 ad
981 2721 1043 2784 Iug.
1059 2719 1109 2781 61,
1129 2719 1153 2770 1.

138 2802 214 2851 Duos
240 2805 377 2866 genitivos
402 2802 527 2850 diversae
552 2800 698 2863 potestatis
774 2809 834 2844 suas
851 2793 930 2859 locos]
949 2812 976 2845 v.
996 2796 1032 2845 sd
1049 2797 1113 2862 Iug.
1132 2798 1181 2858 54,
1198 2797 1225 2846 8.

139 2884 166 2928 et
183 2881 315 2931 recthHis
338 2880 411 2930 haud
428 2894 490 2928 raro
507 2878 636 2942 coniungi
652 2885 699 2926 110.
775 2877 864 2918 Cttncla
876 2869 986 2935 wilare]
1007 2872 1173 2923 vernacula:
1186 2888 1216 2921 ei·
1227 2878 1305 2921 8822oe

138 2956 287 3016 tissimum3
312 2956 347 3007 ci.
370 2957 432 3020 Iug.
452 2953 500 3017 30,
521 2955 547 3006 3.
572 2953 700 3003 Memmius
741 2947 812 2995 Alius
829 2948 855 2995 t'u
872 2947 1023 3012 Beweguug.
1099 3011 1102 3016 Ι

138 3037 229 3084 cuias
247 3033 279 3083 de
302 3033 417 3082 libertate
437 3034 599 3095 ingeni-
621 3045 699 3092 supra
777 3032 803 3080 2.
834 3030 979 3094 Vagenses,
1005 3028 1064 3096 qua]
1091 3046 1120 3082 r.
1143 3029 1177 3080 sd
1200 3028 1260 3079 Cat.
1279 3027 1306 3092 3,

139 3111 255 3160 discimus.
286 3108 342 3171 103,
358 3111 383 3160 5.
399 3109 517 3160 Barbara·
529 3110 622 3172 sanam
639 3107 700 3156 lio·
742 3107 767 3157 3.
793 3105 855 3158 coll.
881 3108 941 3172 Iug.
963 3108 1025 3172 103,
1053 3107 1076 3161 l.
1102 3107 1157 3158 Cic.
1182 3106 1210 3155 in
1228 3106 1304 3156 Verr.

139 3200 296 3236 manorum
325 3187 491 3236 auaritiae
517 3187 613 3250 falsam
638 3184 698 3236 rau.
741 3185 789 3247 1v,
809 3183 857 3248 18,
876 3184 920 3236 38.
938 3187 1067 3237 Diodorus
1080 3184 1218 3250 -lapud
1235 3198 1306 3246 eos,

35 3321 46 3336 Ι
140 3262 229 3325 75,1.
742 3277 801 3328 guo
817 3278 845 3312 se
858 3264 1304 3328 corruam,splendidasergratianu.

171 3361 224 3394 cum
239 3360 285 3394 suc
299 3343 410 3411 auxilia]
430 3343 449 3395 i.
468 3359 492 3394 e.
512 3349 637 3405 asstanpto
650 3356 699 3392 suc
781 3349 912 3412 Vagenses
936 3373 971 3385 -—
993 3347 1133 3413 rar-insign]
1161 3347 1305 3412 Negligen.

140 3421 249 3473 auxilio.
548 3423 551 3428 '
742 3424 813 3474 tiore
838 3425 944 3475 dicendi
968 3427 1075 3477 ratione
1102 3428 1234 3490 Vagenses
1259 3441 1306 3474 no-

171 3499 247 3566 illam]
268 3517 296 3550 v.
317 3499 353 3548 ad
368 3499 431 3562 Iug.
449 3497 480 3560 8,
499 3501 525 3548 2.
741 3501 889 3551 minativus
917 3501 1103 3570 praedicatum
1132 3518 1186 3552 non
1212 3503 1305 3562 hebet,

171 3580 196 3629 4.
215 3581 304 3628 rnilites
322 3583 347 3626 et
362 3572 541 3640 negotiatores]
562 3574 638 3624 Haec
652 3589 700 3638 per
726 3593 813 3634 ,noro
847 3579 1014 3629 nominativo
1037 3567 1179 3644 Lptncipes
1217 3579 1304 3640 illato,

141 3655 336 3720 appositionem
369 3651 508 3716 pertinent
543 3650 578 3700 ad
607 3653 701 3715 equites
742 3656 821 3720 quasi
851 3655 895 3706 vel
927 3658 1123 3719 praecessisset
1155 3658 1308 3722 Vspensium

140 3733 223 3790 liora„
255 3731 354 3796 quippe
382 3743 493 3792 quorum
519 3727 571 3778 duo
601 3742 701 3792 genera
742 3732 895 3797 genitivus,
920 3733 964 3781 rel
984 3733 1140 3785 enunciatio
1162 3732 1305 3796 caussalis‚

140 3814 237 3869 essent,
251 3807 366 3858 alterum
382 3806 517 3870 stipendia
526 3805 700 3878 iacientium,
742 3811 771 3859 in
800 3809 872 3858 huno
903 3809 1011 3858 modum
1040 3815 1185 3874 concepta:
1217 3812 1307 3876 Igitur

141 3888 252 3937 alterum
271 3883 483 3950 negotiatorum·
742 3903 813 3952 guam
836 3887 968 3950 Vagenses
987 3913 1020 3922 -
1037 3887 1210 3952 fatigarentur
1233 3887 1306 3950 regis

173 3974 197 4024 5.
220 3972 400 4022 honestissuma
418 3966 610 4032 suffragatione]
640 3966 701 4029 Suf-
742 3962 1017 4028 suppliciis‚.neque
1050 3969 1131 4015 antea
1163 3964 1306 4016 voluntate

139 4051 249 4114 fragatio
267 4037 309 4098 est
325 4045 516 4102 contumactae,-
536 4060 567 4094 ea
580 4044 701 4093 donastis·
741 4043 848 4094 alienati
864 4042 1018 4111 essemssetc.

141 4129 199 4176 sima
219 4126 332 4186 dicitur,
351 4122 416 4187 quis
434 4124 461 4170 at
478 4120 536 4169 sine
555 4120 701 4184 largitione
777 4113 940 4180 constituunt]
957 4114 1089 4166 Absolute
1114 4119 1169 4165 est:
1186 4119 1223 4168 sie
1240 4116 1304 4179 tres·

141 4202 234 4252 aliisve
258 4199 338 4250 malis
355 4195 460 4248 artibus
477 4194 575 4260 fiebat,
599 4199 627 4246 et
644 4195 701 4244 Ma·
740 4195 786 4258 fen
803 4194 986 4258 Bestimnung,
1012 4208 1050 4244 sc.
1075 4192 1109 4243 de
1132 4193 1304 4258 exsequenda

142 4281 179 4329 rio
196 4274 471 4338 honorificentissima
488 4278 557 4323 erat.
744 4270 939 4321 coniuratione.

172 4352 244 4420 [aaa]
262 4369 288 4403 v.
308 4351 344 4402 ad
361 4351 422 4415 lug.
441 4350 490 4412 40,
508 4351 534 4399 4.
705 4405 708 4413 ¹
778 4345 873 4412 ludum]
899 4348 987 4398 Ludus
1009 4349 1067 4409 est,
1093 4345 1218 4414 quicquid
1243 4361 1303 4410 gre·

987 4441 990 4450 '
1028 4430 1094 4502 13*
